timestamp,price,bid_vol,ask_vol
2026-04-25 22:51:50,77532.11,0.00015,0.09454
2026-04-25 22:51:51,77532.11,7e-05,0.0
2026-04-25 22:51:52,77532.11,0.0,0.0
2026-04-25 22:51:53,77532.11,0.0,0.0
2026-04-25 22:51:54,77532.11,0.00128,0.0
2026-04-25 22:51:55,77532.1,0.0,0.01016
2026-04-25 22:51:56,77532.1,0.0,0.00023
2026-04-25 22:51:57,77532.11,0.02246,0.000789999999999999
2026-04-25 22:51:58,77532.1,0.0,0.00092
2026-04-25 22:51:59,77532.1,0.0,0.0
2026-04-25 22:52:00,77532.11,0.01797,0.0020799999999999985
2026-04-25 22:52:01,77532.11,0.0,0.0
2026-04-25 22:52:02,77532.1,0.0,0.04091
2026-04-25 22:52:03,77532.1,0.0,7e-05
2026-04-25 22:52:04,77532.11,9e-05,0.0
2026-04-25 22:52:05,77532.11,0.0,0.0
2026-04-25 22:52:06,77532.1,0.0,0.00014
2026-04-25 22:52:07,77532.1,0.0,0.0
2026-04-25 22:52:08,77532.1,0.0,0.0
2026-04-25 22:52:09,77532.1,0.0,0.00514
2026-04-25 22:52:10,77532.11,0.00079,0.0
2026-04-25 22:52:11,77532.11,0.00015,0.0
2026-04-25 22:52:12,77532.11,0.05686,0.05651
2026-04-25 22:52:13,77532.11,0.0,0.0
2026-04-25 22:52:14,77532.11,0.0007,0.0
2026-04-25 22:52:15,77532.1,0.0,0.00233
2026-04-25 22:52:16,77532.11,0.00039,0.00048
2026-04-25 22:52:17,77532.11,0.02513,0.0006899999999999996
2026-04-25 22:52:18,77532.11,0.00013,0.0018900000000000002
2026-04-25 22:52:19,77532.11,0.00186,0.0
2026-04-25 22:52:20,77532.11,0.00168,0.0
2026-04-25 22:52:21,77532.11,0.00076,0.0
2026-04-25 22:52:22,77532.1,0.0,0.01644
2026-04-25 22:52:23,77532.1,0.0,0.00178
2026-04-25 22:52:24,77532.1,9e-05,0.19163
2026-04-25 22:52:25,77532.1,0.0,0.0
2026-04-25 22:52:26,77532.11,0.00069,0.0
2026-04-25 22:52:27,77532.11,0.00077,0.0
2026-04-25 22:52:28,77532.11,0.0,0.0
2026-04-25 22:52:29,77532.11,0.00012,0.0
2026-04-25 22:52:30,77532.11,0.0023,0.0
2026-04-25 22:52:31,77532.11,0.00077,0.0
2026-04-25 22:52:32,77532.11,0.0,0.0
2026-04-25 22:52:33,77532.1,0.0,0.12759
2026-04-25 22:52:34,77532.11,0.01454,0.0
2026-04-25 22:52:35,77532.11,0.0,0.0
2026-04-25 22:52:36,77532.1,0.0,7e-05
2026-04-25 22:52:37,77532.1,0.0,0.00922
2026-04-25 22:52:38,77532.1,0.00091,0.0001200000000000001
2026-04-25 22:52:39,77532.1,0.0,0.0
2026-04-25 22:52:40,77532.1,0.0,0.0
2026-04-25 22:52:41,77532.11,0.00328,0.0006399999999999999
2026-04-25 22:52:42,77532.11,0.0,0.0
2026-04-25 22:52:43,77532.11,0.00258,0.0
2026-04-25 22:52:44,77532.1,0.00027,0.0032800000000000004
2026-04-25 22:52:45,77532.1,0.0,0.0
2026-04-25 22:52:46,77532.11,0.02239,0.0
2026-04-25 22:52:47,77532.1,0.0,0.00034
2026-04-25 22:52:48,77532.1,0.0,0.0
2026-04-25 22:52:49,77532.1,0.0,0.0
2026-04-25 22:52:50,77532.1,0.0,0.00646
2026-04-25 22:52:51,77532.11,0.00027,0.0
2026-04-25 22:52:52,77532.11,0.0,0.0
2026-04-25 22:52:53,77532.11,0.0,0.0
2026-04-25 22:52:54,77532.11,0.00064,0.00035999999999999997
2026-04-25 22:52:55,77532.1,0.0,0.00916
2026-04-25 22:52:56,77532.1,0.0,0.00102
2026-04-25 22:52:57,77532.1,0.0,0.0
2026-04-25 22:52:58,77532.11,0.00155,0.0
2026-04-25 22:52:59,77532.1,0.0,0.00194
2026-04-25 22:53:00,77532.1,0.0,0.0
2026-04-25 22:53:01,77532.11,0.00141,0.0
2026-04-25 22:53:02,77532.11,0.01433,0.0
2026-04-25 22:53:03,77532.11,0.00158,0.0
2026-04-25 22:53:04,77532.11,0.00162,0.0038599999999999997
2026-04-25 22:53:05,77532.11,0.00041,0.0
2026-04-25 22:53:06,77532.11,0.00574,0.0
2026-04-25 22:53:07,77532.11,8e-05,0.0
2026-04-25 22:53:08,77532.11,0.00644,0.0
2026-04-25 22:53:09,77532.11,0.00313,0.0
2026-04-25 22:53:10,77532.1,0.0004,0.00031
2026-04-25 22:53:11,77532.1,0.0,0.0
2026-04-25 22:53:12,77532.11,0.00798,0.0
2026-04-25 22:53:13,77532.1,0.0,0.00065
2026-04-25 22:53:14,77532.1,0.0,0.0001
2026-04-25 22:53:15,77532.1,0.0563,0.06684
2026-04-25 22:53:16,77532.1,0.0,0.0
2026-04-25 22:53:17,77532.11,0.022,0.0
2026-04-25 22:53:18,77532.11,0.0,0.0
2026-04-25 22:53:19,77532.1,0.0,0.00573
2026-04-25 22:53:20,77532.11,0.00337,0.0
2026-04-25 22:53:21,77532.11,0.00125,0.0014
2026-04-25 22:53:22,77532.1,0.0,0.00016
2026-04-25 22:53:23,77532.11,7e-05,0.0
2026-04-25 22:53:24,77532.1,0.0288,0.0007900000000000025
2026-04-25 22:53:25,77532.11,0.07758,0.00017000000000000348
2026-04-25 22:53:26,77532.11,0.0,0.0
2026-04-25 22:53:27,77532.11,0.00029,0.008
2026-04-25 22:53:28,77532.11,0.0,0.0
2026-04-25 22:53:29,77532.11,0.0,0.0
2026-04-25 22:53:30,77532.1,0.0,0.00538
2026-04-25 22:53:31,77532.1,0.0,0.0
2026-04-25 22:53:32,77532.1,0.0,0.0
2026-04-25 22:53:33,77532.11,0.00086,6.000000000000005e-05
2026-04-25 22:53:34,77532.11,0.0,0.0
2026-04-25 22:53:35,77532.11,0.0,0.0
2026-04-25 22:53:36,77532.11,0.00365,0.0
2026-04-25 22:53:37,77532.11,0.00026,0.0
2026-04-25 22:53:38,77532.11,0.0,0.0
2026-04-25 22:53:39,77532.11,0.00096,0.0
2026-04-25 22:53:40,77532.11,0.0,0.0
2026-04-25 22:53:41,77532.11,0.00063,0.0
2026-04-25 22:53:42,77532.11,0.0,0.0
2026-04-25 22:53:43,77532.11,0.0,0.0
2026-04-25 22:53:44,77532.11,0.0,0.0
2026-04-25 22:53:45,77535.49,0.04901,0.0
2026-04-25 22:53:46,77535.5,0.00014,0.0
2026-04-25 22:53:47,77535.5,0.00028,0.0
2026-04-25 22:53:48,77535.5,0.00036,0.0
2026-04-25 22:53:49,77535.5,0.0,0.0
2026-04-25 22:53:50,77535.5,0.0,0.0
2026-04-25 22:53:51,77535.5,0.01322,0.0
2026-04-25 22:53:52,77535.49,0.02312,0.0014199999999999977
2026-04-25 22:53:53,77535.5,0.00043,0.0
2026-04-25 22:53:54,77537.99,0.11841,0.0
2026-04-25 22:53:55,77538.0,0.00028,0.0
2026-04-25 22:53:56,77538.0,0.00063,9.000000000000002e-05
2026-04-25 22:53:57,77538.0,0.00014,0.0
2026-04-25 22:53:58,77538.0,0.0,0.0
2026-04-25 22:53:59,77538.0,0.0,0.0
2026-04-25 22:54:00,77537.99,0.0,0.00075
2026-04-25 22:54:01,77537.99,0.0,0.0
2026-04-25 22:54:02,77538.0,0.02798,0.0
2026-04-25 22:54:03,77538.0,0.00014,0.0
2026-04-25 22:54:04,77538.0,0.00014,0.0
2026-04-25 22:54:05,77538.0,0.00014,0.0
2026-04-25 22:54:06,77538.0,0.00028,0.0
2026-04-25 22:54:07,77538.0,0.0,0.0
2026-04-25 22:54:08,77538.0,0.0,0.0
2026-04-25 22:54:09,77537.99,0.00128,0.00075
2026-04-25 22:54:10,77537.99,0.0,0.00035
2026-04-25 22:54:11,77537.99,0.0,0.0
2026-04-25 22:54:12,77538.0,0.02501,0.0
2026-04-25 22:54:13,77538.0,0.00028,0.0
2026-04-25 22:54:14,77538.0,0.00279,0.0
2026-04-25 22:54:15,77538.0,0.00171,0.0
2026-04-25 22:54:16,77538.0,0.00129,0.0009699999999999999
2026-04-25 22:54:17,77538.0,0.01179,0.0
2026-04-25 22:54:18,77538.0,0.05801,0.055990000000000005
2026-04-25 22:54:19,77537.99,0.00024,0.00114
2026-04-25 22:54:20,77538.0,0.00314,8.99999999999998e-05
2026-04-25 22:54:21,77538.0,0.00128,0.0
2026-04-25 22:54:22,77537.99,0.03207,0.00016000000000000042
2026-04-25 22:54:23,77538.0,0.00028,0.00013000000000000002
2026-04-25 22:54:24,77538.0,0.00028,0.0
2026-04-25 22:54:25,77537.99,0.00014,0.00026000000000000003
2026-04-25 22:54:26,77537.99,0.0,0.0
2026-04-25 22:54:27,77537.99,0.0,0.0
2026-04-25 22:54:28,77537.99,0.0,0.00075
2026-04-25 22:54:29,77537.99,0.0,0.0
2026-04-25 22:54:30,77537.99,0.0,0.00037
2026-04-25 22:54:31,77537.99,0.0,0.0
2026-04-25 22:54:32,77538.0,0.02014,0.0
2026-04-25 22:54:33,77537.99,0.00021,0.00938
2026-04-25 22:54:34,77537.99,0.00014,0.00303
2026-04-25 22:54:35,77538.0,0.00014,0.0
2026-04-25 22:54:36,77538.0,0.0,0.0
2026-04-25 22:54:37,77538.0,0.0,0.0
2026-04-25 22:54:38,77537.99,0.0,0.00075
2026-04-25 22:54:39,77538.0,0.00094,0.0
2026-04-25 22:54:40,77537.99,0.0,0.0016
2026-04-25 22:54:41,77537.99,0.0,0.00277
2026-04-25 22:54:42,77538.0,0.00156,0.0
2026-04-25 22:54:43,77538.0,0.00028,0.00545
2026-04-25 22:54:44,77537.99,0.00014,0.0011400000000000002
2026-04-25 22:54:45,77537.99,0.0,0.0
2026-04-25 22:54:46,77532.09,0.0,0.30573
2026-04-25 22:54:47,77532.09,0.0,0.00203
2026-04-25 22:54:48,77532.09,0.0,0.06496
2026-04-25 22:54:49,77540.0,13.24189,0.38692999999999955
2026-04-25 22:54:50,77540.0,0.00287,0.0
2026-04-25 22:54:51,77540.0,0.0,0.0
2026-04-25 22:54:52,77540.0,0.0,0.0
2026-04-25 22:54:53,77539.99,0.0,0.0009
2026-04-25 22:54:54,77540.0,10.28156,0.0
2026-04-25 22:54:55,77539.99,0.71795,0.000260000000000038
2026-04-25 22:54:56,77540.0,0.0006,0.06
2026-04-25 22:54:57,77540.0,0.0,0.0
2026-04-25 22:54:58,77540.0,0.00066,0.0
2026-04-25 22:54:59,77540.0,0.02579,0.0
2026-04-25 22:55:00,77540.0,0.0,0.0
2026-04-25 22:55:01,77561.41,1.97127,0.0
2026-04-25 22:55:02,77561.41,1.3,0.0
2026-04-25 22:55:03,77561.4,0.00657,0.00995
2026-04-25 22:55:04,77561.4,0.0,0.00167
2026-04-25 22:55:05,77561.4,0.0,0.0
2026-04-25 22:55:06,77561.4,0.0,0.00012
2026-04-25 22:55:07,77561.4,0.0,0.0
2026-04-25 22:55:08,77561.4,0.0,0.0
2026-04-25 22:55:09,77561.4,0.0,0.0
2026-04-25 22:55:10,77561.4,0.0,0.00146
2026-04-25 22:55:11,77561.4,0.0,0.0
2026-04-25 22:55:12,77561.4,0.0,0.0
2026-04-25 22:55:13,77561.41,0.00052,0.0
2026-04-25 22:55:14,77561.4,0.0,0.00017
2026-04-25 22:55:15,77561.4,0.0,0.0
2026-04-25 22:55:16,77561.4,0.0,0.0
2026-04-25 22:55:17,77561.4,0.018,0.0006300000000000021
2026-04-25 22:55:18,77561.4,0.0,0.0
2026-04-25 22:55:19,77561.41,0.00175,0.0
2026-04-25 22:55:20,77561.41,0.0,0.0
2026-04-25 22:55:21,77561.4,0.05583,0.05634000000000001
2026-04-25 22:55:22,77561.4,0.0,0.0
2026-04-25 22:55:23,77561.4,0.0,0.00075
2026-04-25 22:55:24,77561.41,0.00053,0.0
2026-04-25 22:55:25,77561.41,0.00013,0.0
2026-04-25 22:55:26,77561.4,0.0,0.01668
2026-04-25 22:55:27,77561.4,0.0,0.0
2026-04-25 22:55:28,77561.41,0.00032,0.0015
2026-04-25 22:55:29,77561.41,0.0,0.0
2026-04-25 22:55:30,77561.41,0.0,0.0
2026-04-25 22:55:31,77561.41,9e-05,0.336
2026-04-25 22:55:32,77561.41,0.04217,0.0
2026-04-25 22:55:33,77561.4,0.0,0.00035
2026-04-25 22:55:34,77561.4,0.0,0.0
2026-04-25 22:55:35,77561.4,0.0,0.0
2026-04-25 22:55:36,77561.41,0.00633,0.00245
2026-04-25 22:55:37,77561.41,0.0,0.0
2026-04-25 22:55:38,77561.41,0.0,0.0
2026-04-25 22:55:39,77561.4,0.0,9e-05
2026-04-25 22:55:40,77561.4,0.0,0.00025
2026-04-25 22:55:41,77561.41,0.00157,0.0
2026-04-25 22:55:42,77561.41,0.00128,0.0
2026-04-25 22:55:43,77561.41,0.0554,0.0
2026-04-25 22:55:44,77561.4,0.0001,0.00013000000000000002
2026-04-25 22:55:45,77561.41,0.02792,0.0
2026-04-25 22:55:46,77561.41,0.00014,0.0
2026-04-25 22:55:47,77561.41,0.00298,0.0
2026-04-25 22:55:48,77561.41,0.0,0.0
2026-04-25 22:55:49,77561.4,0.00131,0.01019
2026-04-25 22:55:50,77561.4,0.0,0.0
2026-04-25 22:55:51,77561.4,0.0,0.00183
2026-04-25 22:55:52,77561.4,0.0,0.0
2026-04-25 22:55:53,77561.4,0.0,0.0
2026-04-25 22:55:54,77561.4,0.0,0.0
2026-04-25 22:55:55,77561.4,0.0,0.00602
2026-04-25 22:55:56,77561.4,0.0,0.0
2026-04-25 22:55:57,77561.4,0.0,0.00091
2026-04-25 22:55:58,77561.4,0.0,0.0
2026-04-25 22:55:59,77561.4,0.0,0.0
2026-04-25 22:56:00,77561.41,0.0035,0.17717
2026-04-25 22:56:01,77561.41,0.00025,0.00019999999999999998
2026-04-25 22:56:02,77561.41,9e-05,0.0
2026-04-25 22:56:03,77561.41,0.09318,0.0
2026-04-25 22:56:04,77561.41,0.0,0.0
2026-04-25 22:56:05,77561.4,0.00045,0.0010700000000000002
2026-04-25 22:56:06,77561.41,0.00354,0.0
2026-04-25 22:56:07,77561.4,0.0,0.00053
2026-04-25 22:56:08,77561.4,0.0,9e-05
2026-04-25 22:56:09,77561.4,0.0,0.0
2026-04-25 22:56:10,77561.4,0.0,0.0
2026-04-25 22:56:11,77561.41,0.00026,0.0
2026-04-25 22:56:12,77561.41,0.0124,0.0
2026-04-25 22:56:13,77561.4,0.0,0.0002
2026-04-25 22:56:14,77561.4,0.0,0.0
2026-04-25 22:56:15,77561.4,0.0,0.0
2026-04-25 22:56:16,77561.41,0.00044,0.00011999999999999994
2026-04-25 22:56:17,77561.4,0.04558,0.0005099999999999966
2026-04-25 22:56:18,77561.41,0.0002,0.0
2026-04-25 22:56:19,77561.41,0.00061,0.00102
2026-04-25 22:56:20,77561.41,0.00085,0.0
2026-04-25 22:56:21,77561.41,0.00026,0.0
2026-04-25 22:56:22,77561.41,0.0,0.0
2026-04-25 22:56:23,77561.41,0.0,0.0
2026-04-25 22:56:24,77561.4,0.05658,0.06340000000000001
2026-04-25 22:56:25,77561.4,0.0,0.0
2026-04-25 22:56:26,77561.41,0.00012,0.0
2026-04-25 22:56:27,77561.41,0.0,0.0
2026-04-25 22:56:28,77561.41,0.0,0.0
2026-04-25 22:56:29,77561.41,0.0,0.0
2026-04-25 22:56:30,77561.4,0.0072,0.0021100000000000008
2026-04-25 22:56:31,77561.4,0.0,0.0
2026-04-25 22:56:32,77561.4,0.0,0.0
2026-04-25 22:56:33,77561.4,0.0,0.0
2026-04-25 22:56:34,77561.4,0.0,0.0
2026-04-25 22:56:35,77561.4,0.0,0.0
2026-04-25 22:56:36,77561.4,0.0,0.0
2026-04-25 22:56:37,77561.4,0.0,0.0
2026-04-25 22:56:38,77561.4,0.0003,0.0105
2026-04-25 22:56:39,77561.4,0.0,0.00024
2026-04-25 22:56:40,77561.4,0.0,0.0
2026-04-25 22:56:41,77561.4,0.0,0.0
2026-04-25 22:56:42,77561.4,0.0,0.0
2026-04-25 22:56:43,77561.4,0.0,0.0
2026-04-25 22:56:44,77561.41,0.00206,0.0
2026-04-25 22:56:45,77561.41,0.00012,0.0
2026-04-25 22:56:46,77561.41,0.0,0.0
2026-04-25 22:56:47,77561.41,0.0,0.0
2026-04-25 22:56:48,77561.41,0.0,0.0
2026-04-25 22:56:49,77561.41,0.00029,0.0
2026-04-25 22:56:50,77561.4,0.0,0.00128
2026-04-25 22:56:51,77561.4,0.0,0.0
2026-04-25 22:56:52,77561.4,0.0,0.00089
2026-04-25 22:56:53,77561.4,0.0,0.0
2026-04-25 22:56:54,77561.4,0.0,0.0
2026-04-25 22:56:55,77561.4,0.00084,0.00212
2026-04-25 22:56:56,77561.4,0.0,0.0
2026-04-25 22:56:57,77561.4,0.0,0.0
2026-04-25 22:56:58,77561.4,0.0,0.01962
2026-04-25 22:56:59,77561.4,0.0,0.0
2026-04-25 22:57:00,77561.41,0.00544,0.0
2026-04-25 22:57:01,77561.41,9e-05,0.0
2026-04-25 22:57:02,77561.4,0.0346,0.0011600000000000013
2026-04-25 22:57:03,77561.4,0.0,0.0
2026-04-25 22:57:04,77561.4,0.0,0.0
2026-04-25 22:57:05,77561.4,0.0,0.0
2026-04-25 22:57:06,77561.4,0.0,0.0
2026-04-25 22:57:07,77561.4,0.0,0.0
2026-04-25 22:57:08,77561.4,0.0,0.0
2026-04-25 22:57:09,77561.4,0.0,0.0
2026-04-25 22:57:10,77561.4,0.0,0.0
2026-04-25 22:57:11,77561.4,0.0,0.0
2026-04-25 22:57:12,77561.4,0.0,0.0
2026-04-25 22:57:13,77561.4,0.0,0.0
2026-04-25 22:57:14,77561.4,0.0,0.0
2026-04-25 22:57:15,77561.4,0.0,0.0
2026-04-25 22:57:16,77561.4,0.0,0.00052
2026-04-25 22:57:17,77561.41,0.03555,0.0
2026-04-25 22:57:18,77561.41,0.0,0.0
2026-04-25 22:57:19,77561.4,0.0,0.01086
2026-04-25 22:57:20,77561.41,0.00133,0.0
2026-04-25 22:57:21,77561.41,0.0,0.0
2026-04-25 22:57:22,77561.41,0.0,0.0
2026-04-25 22:57:23,77561.4,0.0,0.01289
2026-04-25 22:57:24,77561.4,0.0,0.0
2026-04-25 22:57:25,77561.4,0.0,0.00245
2026-04-25 22:57:26,77561.41,0.05554,0.0012500000000000011
2026-04-25 22:57:27,77561.41,0.00412,0.05554
2026-04-25 22:57:28,77561.41,0.0,0.0
2026-04-25 22:57:29,77561.4,0.0,0.0015
2026-04-25 22:57:30,77561.4,0.0,0.0
2026-04-25 22:57:31,77561.4,0.0,0.01289
2026-04-25 22:57:32,77561.4,0.0,0.00047
2026-04-25 22:57:33,77561.4,0.0,0.0
2026-04-25 22:57:34,77561.4,0.0,0.00037
2026-04-25 22:57:35,77561.4,0.0,0.0
2026-04-25 22:57:36,77561.41,0.00131,0.0
2026-04-25 22:57:37,77561.41,0.00217,0.0
2026-04-25 22:57:38,77561.41,0.0,0.0
2026-04-25 22:57:39,77561.4,0.0,0.00018
2026-04-25 22:57:40,77561.41,0.00041,0.0035200000000000006
2026-04-25 22:57:41,77561.41,0.00022,0.0003399999999999999
2026-04-25 22:57:42,77561.4,0.00052,0.0002000000000000001
2026-04-25 22:57:43,77561.41,7e-05,0.0
2026-04-25 22:57:44,77561.4,0.0,0.0001
2026-04-25 22:57:45,77561.4,0.0,0.00011
2026-04-25 22:57:46,77561.41,0.01993,0.0
2026-04-25 22:57:47,77561.41,0.00031,0.01289
2026-04-25 22:57:48,77561.41,0.0,0.0
2026-04-25 22:57:49,77561.41,0.0,0.0
2026-04-25 22:57:50,77561.41,0.00047,0.0
2026-04-25 22:57:51,77561.41,0.0,0.0
2026-04-25 22:57:52,77561.41,0.02721,0.0
2026-04-25 22:57:53,77561.41,0.0002,0.0
2026-04-25 22:57:54,77561.41,0.0,0.0
2026-04-25 22:57:55,77561.4,0.00063,0.00238
2026-04-25 22:57:56,77561.4,0.0,0.00012
2026-04-25 22:57:57,77561.41,0.0003,0.0
2026-04-25 22:57:58,77561.4,0.0,0.0006
2026-04-25 22:57:59,77561.4,0.0,0.0
2026-04-25 22:58:00,77561.41,0.01317,0.0
2026-04-25 22:58:01,77561.41,0.0,0.0
2026-04-25 22:58:02,77561.41,0.00296,0.0
2026-04-25 22:58:03,77561.41,0.06626,0.0
2026-04-25 22:58:04,77561.41,0.00012,0.0
2026-04-25 22:58:05,77561.41,0.0,0.0
2026-04-25 22:58:06,77561.41,0.0,0.0
2026-04-25 22:58:07,77561.41,0.0,0.0
2026-04-25 22:58:08,77561.41,0.0,0.0
2026-04-25 22:58:09,77561.41,0.0,0.0
2026-04-25 22:58:10,77561.41,0.0,0.0
2026-04-25 22:58:11,77561.41,0.0,0.0
2026-04-25 22:58:12,77559.15,0.0,0.36645
2026-04-25 22:58:13,77559.1,0.0,0.00256
2026-04-25 22:58:14,77559.11,0.00967,0.0
2026-04-25 22:58:15,77559.11,0.0,0.0
2026-04-25 22:58:16,77559.11,0.00076,0.0
2026-04-25 22:58:17,77559.11,0.04295,0.00014999999999999736
2026-04-25 22:58:18,77559.11,0.00028,0.0
2026-04-25 22:58:19,77559.11,0.0012,0.0006500000000000002
2026-04-25 22:58:20,77559.11,0.00203,0.0
2026-04-25 22:58:21,77559.11,0.00035,0.0
2026-04-25 22:58:22,77559.1,0.0,0.00116
2026-04-25 22:58:23,77559.1,0.00034,0.00385
2026-04-25 22:58:24,77559.1,0.0,0.0
2026-04-25 22:58:25,77559.11,0.00155,0.0
2026-04-25 22:58:26,77559.11,0.0,0.0
2026-04-25 22:58:27,77559.11,0.65507,0.0
2026-04-25 22:58:28,77559.11,0.00065,0.0
2026-04-25 22:58:29,77559.1,0.0554,0.0554
2026-04-25 22:58:30,77559.1,0.0,0.0
2026-04-25 22:58:31,77559.1,0.0,0.0
2026-04-25 22:58:32,77559.1,0.0,0.0
2026-04-25 22:58:33,77559.11,0.04189,0.001920000000000005
2026-04-25 22:58:34,77559.11,0.01154,0.0
2026-04-25 22:58:35,77559.1,0.0,0.00072
2026-04-25 22:58:36,77559.1,0.0,0.0
2026-04-25 22:58:37,77559.1,0.0,0.0
2026-04-25 22:58:38,77559.1,0.0,0.0
2026-04-25 22:58:39,77559.11,0.0012,0.0
2026-04-25 22:58:40,77559.11,0.00441,0.0
2026-04-25 22:58:41,77559.1,0.0,0.0008
2026-04-25 22:58:42,77559.1,0.0,0.0
2026-04-25 22:58:43,77559.1,0.0,0.0
2026-04-25 22:58:44,77559.11,0.0001,0.0
2026-04-25 22:58:45,77559.11,0.0,0.0
2026-04-25 22:58:46,77559.11,0.0,0.0
2026-04-25 22:58:47,77559.11,0.0,0.0
2026-04-25 22:58:48,77559.11,0.00045,0.0
2026-04-25 22:58:49,77559.1,0.0,0.00069
2026-04-25 22:58:50,77559.11,0.00059,0.0
2026-04-25 22:58:51,77559.11,0.00013,0.00013
2026-04-25 22:58:52,77559.11,0.0,0.0
2026-04-25 22:58:53,77559.11,0.0,0.0
2026-04-25 22:58:54,77559.11,0.00258,0.0
2026-04-25 22:58:55,77559.11,0.00192,0.00025
2026-04-25 22:58:56,77559.11,0.0,0.0
2026-04-25 22:58:57,77559.11,0.01963,0.0
2026-04-25 22:58:58,77559.11,0.0,0.0
2026-04-25 22:58:59,77559.11,0.00469,0.0
2026-04-25 22:59:00,77559.11,0.04178,0.04342
2026-04-25 22:59:01,77559.11,0.0,0.0
2026-04-25 22:59:02,77559.1,0.0,0.00367
2026-04-25 22:59:03,77559.11,0.04783,0.0
2026-04-25 22:59:04,77559.11,0.0,0.0
2026-04-25 22:59:05,77559.11,0.0,0.0
2026-04-25 22:59:06,77559.11,0.1434,0.0
2026-04-25 22:59:07,77559.11,0.0,0.0
2026-04-25 22:59:08,77559.11,0.00188,0.0
2026-04-25 22:59:09,77559.11,0.00122,0.003
2026-04-25 22:59:10,77559.1,0.00134,0.00186
2026-04-25 22:59:11,77559.1,0.0,0.0
2026-04-25 22:59:12,77559.1,0.0,0.00515
2026-04-25 22:59:13,77559.1,0.0,0.0
2026-04-25 22:59:14,77559.1,0.0,0.0015
2026-04-25 22:59:15,77559.1,0.77094,0.003149999999999986
2026-04-25 22:59:16,77559.1,0.0,0.0
2026-04-25 22:59:17,77559.11,0.01167,0.0
2026-04-25 22:59:18,77559.1,0.0,0.00238
2026-04-25 22:59:19,77559.1,0.0,0.0
2026-04-25 22:59:20,77559.1,0.0,0.00064
2026-04-25 22:59:21,77559.1,0.07375,0.010000000000000009
2026-04-25 22:59:22,77559.11,0.13384,0.0
2026-04-25 22:59:23,77559.11,0.0,0.0
2026-04-25 22:59:24,77559.11,0.0,0.0
2026-04-25 22:59:25,77559.11,0.00016,0.02862
2026-04-25 22:59:26,77559.11,0.0,0.0
2026-04-25 22:59:27,77559.1,0.0,0.00133
2026-04-25 22:59:28,77559.1,0.0,0.25829
2026-04-25 22:59:29,77559.11,0.00644,0.0
2026-04-25 22:59:30,77559.11,0.00978,0.0
2026-04-25 22:59:31,77559.11,0.0,0.0
2026-04-25 22:59:32,77559.1,0.05525,0.05704
2026-04-25 22:59:33,77559.1,0.0,0.00588
2026-04-25 22:59:34,77559.0,0.00012,1.1831800000000001
2026-04-25 22:59:35,77559.0,0.0,0.00128
2026-04-25 22:59:36,77561.37,12.89133,0.006890000000000285
2026-04-25 22:59:37,77561.37,0.0,0.0
2026-04-25 22:59:38,77561.38,0.00064,0.0
2026-04-25 22:59:39,77561.37,0.00011,0.00154
2026-04-25 22:59:40,77561.38,0.00021,8.999999999999997e-05
2026-04-25 22:59:41,77561.38,8e-05,0.0
2026-04-25 22:59:42,77561.38,0.01821,0.0
2026-04-25 22:59:43,77561.38,0.0,0.0
2026-04-25 22:59:44,77561.37,0.0,0.00257
2026-04-25 22:59:45,77561.37,0.0,0.0
2026-04-25 22:59:46,77561.37,0.0,0.00024
2026-04-25 22:59:47,77561.38,0.03429,0.0
2026-04-25 22:59:48,77561.37,0.0,0.01324
2026-04-25 22:59:49,77561.37,0.0,0.00042
2026-04-25 22:59:50,77561.38,0.00164,0.0
2026-04-25 22:59:51,77561.37,0.0,0.00064
2026-04-25 22:59:52,77561.37,0.0,0.00627
2026-04-25 22:59:53,77557.0,0.0,60.30495
2026-04-25 22:59:54,77557.01,0.00012,0.02578
2026-04-25 22:59:55,77557.01,25.92302,0.2166099999999993
2026-04-25 22:59:56,77557.01,0.0,0.0
2026-04-25 22:59:57,77557.01,0.01855,0.0
2026-04-25 22:59:58,77557.01,0.02054,0.0
2026-04-25 22:59:59,77557.01,0.0,0.0
2026-04-25 23:00:00,77562.56,0.3681,0.0
2026-04-25 23:00:01,77562.56,0.00128,0.0
2026-04-25 23:00:02,77562.56,0.00316,0.00276
2026-04-25 23:00:03,77562.55,0.0007,0.0017499999999999998
2026-04-25 23:00:04,77562.56,0.00862,0.0
2026-04-25 23:00:05,77562.55,0.0,0.01014
2026-04-25 23:00:06,77562.56,0.00048,0.0
2026-04-25 23:00:07,77562.56,0.00064,0.0
2026-04-25 23:00:08,77562.56,0.00514,0.0004800000000000004
2026-04-25 23:00:09,77562.56,0.00035,0.01074
2026-04-25 23:00:10,77562.56,6e-05,0.00053
2026-04-25 23:00:11,77562.56,0.00037,0.00133
2026-04-25 23:00:12,77562.56,0.0009,0.0
2026-04-25 23:00:13,77562.56,0.00021,0.0019299999999999999
2026-04-25 23:00:14,77562.55,0.0,0.00192
2026-04-25 23:00:15,77562.55,0.0,0.00046
2026-04-25 23:00:16,77562.55,0.0,0.0
2026-04-25 23:00:17,77562.56,0.08078,0.0
2026-04-25 23:00:18,77562.55,0.0,0.00282
2026-04-25 23:00:19,77562.55,0.0,0.03948
2026-04-25 23:00:20,77562.56,0.00015,0.0
2026-04-25 23:00:21,77562.56,0.0,0.0
2026-04-25 23:00:22,77562.56,0.00973,0.0
2026-04-25 23:00:23,77562.55,0.0,0.00064
2026-04-25 23:00:24,77562.55,0.0,0.0
2026-04-25 23:00:25,77562.56,0.00018,0.0
2026-04-25 23:00:26,77562.55,0.00139,0.00019000000000000006
2026-04-25 23:00:27,77562.55,0.00013,0.00042
2026-04-25 23:00:28,77562.55,0.00034,0.0077599999999999995
2026-04-25 23:00:29,77562.55,0.0,0.0
2026-04-25 23:00:30,77562.55,0.03434,0.00041000000000000064
2026-04-25 23:00:31,77562.55,0.0,0.0249
2026-04-25 23:00:32,77562.55,0.0,0.00038
2026-04-25 23:00:33,77562.55,0.0,0.00713
2026-04-25 23:00:34,77562.56,0.00071,0.0
2026-04-25 23:00:35,77562.55,0.06429,0.06502999999999999
2026-04-25 23:00:36,77562.56,0.00026,0.0
2026-04-25 23:00:37,77562.56,0.0006,0.0
2026-04-25 23:00:38,77562.56,0.0,0.0
2026-04-25 23:00:39,77562.56,0.00237,0.0
2026-04-25 23:00:40,77562.56,0.00129,0.17737
2026-04-25 23:00:41,77562.56,0.0,0.0
2026-04-25 23:00:42,77562.56,0.00083,0.0
2026-04-25 23:00:43,77562.56,0.00036,0.0
2026-04-25 23:00:44,77558.12,0.0,0.14561
2026-04-25 23:00:45,77558.13,0.00202,0.01602
2026-04-25 23:00:46,77558.13,0.00089,0.0
2026-04-25 23:00:47,77558.13,0.17136,0.00010999999999999899
2026-04-25 23:00:48,77558.13,0.0,0.0
2026-04-25 23:00:49,77558.13,0.00018,0.0
2026-04-25 23:00:50,77558.13,0.00082,0.00253
2026-04-25 23:00:51,77558.13,2.18831,0.0
2026-04-25 23:00:52,77558.12,0.0,0.08372
2026-04-25 23:00:53,77558.13,0.00026,0.0
2026-04-25 23:00:54,77558.12,0.00321,0.01754
2026-04-25 23:00:55,77558.12,0.0,0.0
2026-04-25 23:00:56,77558.12,0.0,0.0
2026-04-25 23:00:57,77558.12,0.0,0.00034
2026-04-25 23:00:58,77558.12,0.0,0.00358
2026-04-25 23:00:59,77558.13,0.00019,0.02748
2026-04-25 23:01:00,77558.12,0.0,0.00117
2026-04-25 23:01:01,77554.93,0.0,0.13722
2026-04-25 23:01:02,77554.5,0.0012,0.01006
2026-04-25 23:01:03,77554.5,0.00014,0.0
2026-04-25 23:01:04,77554.5,0.00028,0.00116
2026-04-25 23:01:05,77554.5,0.00033,0.00049
2026-04-25 23:01:06,77544.49,0.00014,0.10561
2026-04-25 23:01:07,77544.5,0.09546,0.0
2026-04-25 23:01:08,77544.5,0.00012,0.0
2026-04-25 23:01:09,77544.49,0.0,0.00075
2026-04-25 23:01:10,77544.49,0.0,0.0
2026-04-25 23:01:11,77544.5,0.00113,0.0
2026-04-25 23:01:12,77544.5,0.00035,0.0
2026-04-25 23:01:13,77544.5,0.00028,0.0
2026-04-25 23:01:14,77544.5,0.00014,0.0009700000000000002
2026-04-25 23:01:15,77544.5,9e-05,0.0
2026-04-25 23:01:16,77544.5,0.00129,0.007010000000000001
2026-04-25 23:01:17,77544.49,0.03745,0.0013000000000000025
2026-04-25 23:01:18,77544.5,0.00171,0.0
2026-04-25 23:01:19,77544.5,0.00014,0.0
2026-04-25 23:01:20,77544.5,0.00336,0.0013499999999999996
2026-04-25 23:01:21,77544.5,0.00042,0.00025
2026-04-25 23:01:22,77544.5,0.00356,0.010270000000000001
2026-04-25 23:01:23,77544.5,0.0,0.0
2026-04-25 23:01:24,77544.5,0.0,0.0
2026-04-25 23:01:25,77544.49,0.0,0.00243
2026-04-25 23:01:26,77544.5,0.00722,0.0
2026-04-25 23:01:27,77544.5,0.09994,0.0
2026-04-25 23:01:28,77544.5,0.00018,0.0
2026-04-25 23:01:29,77544.5,0.00026,0.00558
2026-04-25 23:01:30,77544.5,0.00921,0.0073100000000000005
2026-04-25 23:01:31,77544.5,0.00138,0.0
2026-04-25 23:01:32,77544.5,0.0003,0.0
2026-04-25 23:01:33,77544.5,0.00021,0.0
2026-04-25 23:01:34,77544.5,0.0006,0.0007500000000000001
2026-04-25 23:01:35,77544.5,0.00012,0.0
2026-04-25 23:01:36,77544.5,0.0,0.0
2026-04-25 23:01:37,77544.5,0.0011,0.0
2026-04-25 23:01:38,77544.5,0.06454,0.0
2026-04-25 23:01:39,77544.5,0.00134,0.06412000000000001
2026-04-25 23:01:40,77544.49,0.00014,0.00131
2026-04-25 23:01:41,77544.5,7e-05,0.0
2026-04-25 23:01:42,77544.5,0.00024,0.00075
2026-04-25 23:01:43,77544.49,0.00134,0.00059
2026-04-25 23:01:44,77544.5,0.00014,0.0
2026-04-25 23:01:45,77544.5,0.0012,0.0
2026-04-25 23:01:46,77544.5,0.00028,0.0
2026-04-25 23:01:47,77544.5,0.01781,9.99999999999994e-05
2026-04-25 23:01:48,77544.49,0.0,0.00064
2026-04-25 23:01:49,77544.49,0.0,0.0
2026-04-25 23:01:50,77544.49,0.0,0.00075
2026-04-25 23:01:51,77544.49,0.0,0.0
2026-04-25 23:01:52,77544.49,0.0,0.0
2026-04-25 23:01:53,77544.5,0.00028,0.0012000000000000001
2026-04-25 23:01:54,77544.5,0.13122,0.0
2026-04-25 23:01:55,77544.49,0.00014,0.00014
2026-04-25 23:01:56,77544.5,0.00017,0.0
2026-04-25 23:01:57,77544.49,0.0,0.00105
2026-04-25 23:01:58,77544.49,0.0,0.00053
2026-04-25 23:01:59,77544.49,0.0,0.00075
2026-04-25 23:02:00,77544.5,0.01094,0.0
2026-04-25 23:02:01,77544.5,0.0,0.0
2026-04-25 23:02:02,77544.5,0.0,0.0
2026-04-25 23:02:03,77544.49,0.00064,0.00017999999999999993
2026-04-25 23:02:04,77544.49,0.0,0.0
2026-04-25 23:02:05,77544.49,0.00014,0.033479999999999996
2026-04-25 23:02:06,77544.5,0.00014,0.0
2026-04-25 23:02:07,77544.5,0.08206,0.0
2026-04-25 23:02:08,77544.5,0.00014,0.00031
2026-04-25 23:02:09,77544.5,0.00011,0.0
2026-04-25 23:02:10,77544.5,0.0,0.0
2026-04-25 23:02:11,77544.5,0.00028,0.0
2026-04-25 23:02:12,77544.49,0.0,0.00075
2026-04-25 23:02:13,77544.49,0.0,0.0
2026-04-25 23:02:14,77544.49,0.0,0.0
2026-04-25 23:02:15,77544.5,0.00028,0.0012100000000000001
2026-04-25 23:02:16,77544.5,0.00139,0.0
2026-04-25 23:02:17,77544.5,0.09207,0.00038000000000000533
2026-04-25 23:02:18,77544.5,0.00013,0.0
2026-04-25 23:02:19,77544.5,0.00026,0.00018000000000000004
2026-04-25 23:02:20,77544.5,0.00239,6.999999999999975e-05
2026-04-25 23:02:21,77544.5,0.00136,0.0069099999999999995
2026-04-25 23:02:22,77544.5,0.00071,0.0
2026-04-25 23:02:23,77544.49,0.0,0.00014
2026-04-25 23:02:24,77544.5,0.00069,0.0
2026-04-25 23:02:25,77544.5,0.00056,0.0
2026-04-25 23:02:26,77544.49,0.0,0.00064
2026-04-25 23:02:27,77544.5,0.00083,0.0
2026-04-25 23:02:28,77544.49,0.0,0.00077
2026-04-25 23:02:29,77544.5,0.00087,0.0007499999999999999
2026-04-25 23:02:30,77544.5,0.0,0.0
2026-04-25 23:02:31,77544.5,0.00036,0.0
2026-04-25 23:02:32,77544.5,0.00222,0.0
2026-04-25 23:02:33,77544.5,0.00092,0.0
2026-04-25 23:02:34,77544.5,0.00037,0.0
2026-04-25 23:02:35,77544.5,0.00039,0.00144
2026-04-25 23:02:36,77544.5,0.00017,0.0
2026-04-25 23:02:37,77544.49,0.00051,0.0009699999999999999
2026-04-25 23:02:38,77544.5,0.00425,0.0007499999999999998
2026-04-25 23:02:39,77544.5,0.00094,0.00625
2026-04-25 23:02:40,77544.49,0.0,0.00042
2026-04-25 23:02:41,77544.5,0.00085,0.0
2026-04-25 23:02:42,77544.49,0.00042,0.00017999999999999993
2026-04-25 23:02:43,77544.49,0.06421,0.06521
2026-04-25 23:02:44,77544.49,0.0,0.00647
2026-04-25 23:02:45,77544.49,0.0,0.00032
2026-04-25 23:02:46,77544.49,0.0013,0.0007500000000000002
2026-04-25 23:02:47,77544.49,0.0,0.0
2026-04-25 23:02:48,77544.5,0.00018,0.0
2026-04-25 23:02:49,77544.5,0.00072,0.0
2026-04-25 23:02:50,77544.5,0.00221,0.0
2026-04-25 23:02:51,77544.5,0.00087,0.0
2026-04-25 23:02:52,77544.49,0.06533,0.012889999999999999
2026-04-25 23:02:53,77544.5,0.01468,0.0
2026-04-25 23:02:54,77544.5,0.06082,0.0
2026-04-25 23:02:55,77544.5,0.00049,0.00075
2026-04-25 23:02:56,77544.5,0.00034,0.00014999999999999996
2026-04-25 23:02:57,77544.49,0.0,0.00028
2026-04-25 23:02:58,77544.49,0.00028,0.00027000000000000006
2026-04-25 23:02:59,77544.5,0.00028,0.00026000000000000003
2026-04-25 23:03:00,77544.49,0.00014,0.06693
2026-04-25 23:03:01,77544.49,0.00013,0.00143
2026-04-25 23:03:02,77544.49,0.0,0.0009
2026-04-25 23:03:03,77544.49,0.0,0.00088
2026-04-25 23:03:04,77544.49,0.0001,0.0005499999999999999
2026-04-25 23:03:05,77544.49,0.0,0.0
2026-04-25 23:03:06,77544.5,0.00014,0.020419999999999997
2026-04-25 23:03:07,77541.38,0.00028,0.13541
2026-04-25 23:03:08,77541.38,0.0,0.0
2026-04-25 23:03:09,77541.38,0.00018,0.0
2026-04-25 23:03:10,77541.37,0.0,0.00044
2026-04-25 23:03:11,77541.38,0.00012,0.0
2026-04-25 23:03:12,77541.38,0.0,0.0
2026-04-25 23:03:13,77541.37,0.0,0.02952
2026-04-25 23:03:14,77541.38,0.00739,0.0001299999999999999
2026-04-25 23:03:15,77541.38,0.01286,0.0
2026-04-25 23:03:16,77541.37,0.00031,0.0025800000000000003
2026-04-25 23:03:17,77541.38,0.07645,0.0
2026-04-25 23:03:18,77541.38,0.0,0.0
2026-04-25 23:03:19,77541.37,0.00104,0.00017
2026-04-25 23:03:20,77541.01,0.0,0.03184
2026-04-25 23:03:21,77541.02,0.00085,0.039240000000000004
2026-04-25 23:03:22,77541.02,0.00197,0.0
2026-04-25 23:03:23,77541.01,0.00176,0.00035999999999999986
2026-04-25 23:03:24,77541.02,9e-05,0.0
2026-04-25 23:03:25,77541.02,0.0,0.0
2026-04-25 23:03:26,77541.02,0.0,0.0
2026-04-25 23:03:27,77541.02,0.0,0.0
2026-04-25 23:03:28,77541.02,0.0,0.0
2026-04-25 23:03:29,77541.02,0.0,0.0
2026-04-25 23:03:30,77539.31,0.00077,0.02652
2026-04-25 23:03:31,77536.01,0.00146,0.12536
2026-04-25 23:03:32,77536.01,0.00016,0.0
2026-04-25 23:03:33,77536.01,0.00029,0.00035000000000000005
2026-04-25 23:03:34,77536.0,0.00029,0.01201
2026-04-25 23:03:35,77536.0,0.0,0.0
2026-04-25 23:03:36,77536.0,0.00088,0.00021
2026-04-25 23:03:37,77536.0,0.0,0.0
2026-04-25 23:03:38,77536.01,9e-05,0.0
2026-04-25 23:03:39,77536.01,0.00431,0.0007300000000000006
2026-04-25 23:03:40,77536.01,0.0,0.0
2026-04-25 23:03:41,77536.0,0.0,0.00445
2026-04-25 23:03:42,77536.0,0.0,9e-05
2026-04-25 23:03:43,77536.0,0.0,0.00017
2026-04-25 23:03:44,77536.0,0.0,0.01133
2026-04-25 23:03:45,77536.0,0.0,0.00014
2026-04-25 23:03:46,77536.0,0.06395,0.06375
2026-04-25 23:03:47,77536.01,0.04223,0.0
2026-04-25 23:03:48,77536.01,0.0,0.0
2026-04-25 23:03:49,77536.01,7e-05,0.0
2026-04-25 23:03:50,77536.01,0.0,0.0
2026-04-25 23:03:51,77536.0,0.0,0.00042
2026-04-25 23:03:52,77536.01,0.00377,0.0
2026-04-25 23:03:53,77536.01,0.0,0.0
2026-04-25 23:03:54,77536.01,0.00017,0.0
2026-04-25 23:03:55,77536.0,0.00017,0.00522
2026-04-25 23:03:56,77536.0,0.0,0.0
2026-04-25 23:03:57,77536.0,0.0,0.00056
2026-04-25 23:03:58,77536.0,0.0,0.0001
2026-04-25 23:03:59,77536.0,0.0,0.0
2026-04-25 23:04:00,77536.0,0.0,0.00038
2026-04-25 23:04:01,77536.0,0.0,0.0
2026-04-25 23:04:02,77536.0,0.0,0.0
2026-04-25 23:04:03,77536.01,0.00386,0.009389999999999999
2026-04-25 23:04:04,77536.01,0.0,0.0
2026-04-25 23:04:05,77536.01,6e-05,0.00017
2026-04-25 23:04:06,77536.01,0.0,0.0
2026-04-25 23:04:07,77536.0,0.0,0.001
2026-04-25 23:04:08,77536.01,0.00129,0.0
2026-04-25 23:04:09,77536.01,0.0,0.0
2026-04-25 23:04:10,77530.01,0.00017,0.61022
2026-04-25 23:04:11,77530.0,0.0,0.00128
2026-04-25 23:04:12,77530.01,0.00018,0.0
2026-04-25 23:04:13,77530.0,0.0,0.00383
2026-04-25 23:04:14,77530.0,0.0,0.0001
2026-04-25 23:04:15,77530.01,0.00026,0.0
2026-04-25 23:04:16,77530.0,0.0,0.00238
2026-04-25 23:04:17,77530.01,0.01618,0.0
2026-04-25 23:04:18,77542.77,4.29209,0.0004499999999998394
2026-04-25 23:04:19,77542.77,0.00129,0.00286
2026-04-25 23:04:20,77542.77,0.00226,0.0
2026-04-25 23:04:21,77542.77,0.0,0.0
2026-04-25 23:04:22,77542.76,0.00111,0.0006799999999999998
2026-04-25 23:04:23,77542.76,0.0,0.00098
2026-04-25 23:04:24,77542.76,0.00012,0.00017999999999999998
2026-04-25 23:04:25,77542.77,0.00111,0.0
2026-04-25 23:04:26,77542.77,0.00027,0.00104
2026-04-25 23:04:27,77542.77,0.0,0.0
2026-04-25 23:04:28,77544.91,0.10755,0.0
2026-04-25 23:04:29,77544.91,0.00081,0.0
2026-04-25 23:04:30,77544.91,0.00018,0.0
2026-04-25 23:04:31,77544.91,0.00137,0.0
2026-04-25 23:04:32,77545.0,7.6445,0.0
2026-04-25 23:04:33,77545.0,0.58567,0.0
2026-04-25 23:04:34,77545.0,0.0003,0.0
2026-04-25 23:04:35,77545.0,15.85752,0.0
2026-04-25 23:04:36,77545.0,0.00645,0.0
2026-04-25 23:04:37,77545.0,0.004,0.0002900000000000003
2026-04-25 23:04:38,77573.36,147.84005,5.693170000000009
2026-04-25 23:04:39,77573.36,0.00017,0.44469
2026-04-25 23:04:40,77571.22,0.00027,0.44168
2026-04-25 23:04:41,77571.22,0.0,0.0
2026-04-25 23:04:42,77571.23,0.00035,0.0
2026-04-25 23:04:43,77571.22,0.00223,0.0003899999999999997
2026-04-25 23:04:44,77571.22,0.00647,0.00031999999999999997
2026-04-25 23:04:45,77571.22,0.0,0.0
2026-04-25 23:04:46,77571.22,0.0,0.0
2026-04-25 23:04:47,77571.22,0.0,0.00082
2026-04-25 23:04:48,77571.22,0.0,0.0
2026-04-25 23:04:49,77571.22,0.06353,0.06353
2026-04-25 23:04:50,77571.23,0.00053,0.0
2026-04-25 23:04:51,77571.22,0.0,0.00017
2026-04-25 23:04:52,77571.22,0.0,0.00034
2026-04-25 23:04:53,77571.23,0.0424,0.0
2026-04-25 23:04:54,77571.22,0.0,7e-05
2026-04-25 23:04:55,77571.22,0.00073,0.0078
2026-04-25 23:04:56,77571.23,0.00258,0.0
2026-04-25 23:04:57,77571.23,0.0,0.0
2026-04-25 23:04:58,77571.23,0.00418,0.0
2026-04-25 23:04:59,77571.23,0.0,0.0
2026-04-25 23:05:00,77571.22,0.0,0.09971
2026-04-25 23:05:01,77571.23,0.0006,0.0
2026-04-25 23:05:02,77571.23,0.00015,0.0
2026-04-25 23:05:03,77571.23,0.00026,0.0
2026-04-25 23:05:04,77571.23,0.00017,0.0
2026-04-25 23:05:05,77571.22,0.00023,0.30441999999999997
2026-04-25 23:05:06,77570.99,0.0,0.14418
2026-04-25 23:05:07,77571.0,0.00112,0.0
2026-04-25 23:05:08,77571.0,0.00028,0.0
2026-04-25 23:05:09,77571.0,0.00059,0.0
2026-04-25 23:05:10,77570.99,0.0,0.0001
2026-04-25 23:05:11,77571.0,0.00876,0.0
2026-04-25 23:05:12,77571.0,0.00022,0.00096
2026-04-25 23:05:13,77571.0,0.00174,0.00075
2026-04-25 23:05:14,77571.0,0.00037,0.0
2026-04-25 23:05:15,77571.0,0.0,0.0
2026-04-25 23:05:16,77571.0,0.00028,0.0
2026-04-25 23:05:17,77571.0,0.04673,0.0
2026-04-25 23:05:18,77571.0,0.00184,0.00039000000000000016
2026-04-25 23:05:19,77571.0,0.00366,0.0
2026-04-25 23:05:20,77571.0,0.00018,0.0
2026-04-25 23:05:21,77570.99,0.0,0.00075
2026-04-25 23:05:22,77571.0,0.00668,0.0002699999999999994
2026-04-25 23:05:23,77571.0,0.00015,0.0
2026-04-25 23:05:24,77571.0,0.00028,0.0
2026-04-25 23:05:25,77571.0,0.00028,0.0
2026-04-25 23:05:26,77570.99,0.00014,0.00067
2026-04-25 23:05:27,77570.99,0.0,0.00024
2026-04-25 23:05:28,77570.99,0.0,0.00081
2026-04-25 23:05:29,77570.99,0.00027,0.00175
2026-04-25 23:05:30,77570.99,0.0,0.11576
2026-04-25 23:05:31,77570.99,0.0,0.0
2026-04-25 23:05:32,77571.0,0.00014,0.0
2026-04-25 23:05:33,77571.0,0.00959,0.0
2026-04-25 23:05:34,77571.0,0.00014,0.0
2026-04-25 23:05:35,77570.99,0.0,0.00027
2026-04-25 23:05:36,77570.99,0.0,0.00117
2026-04-25 23:05:37,77570.99,0.09611,0.0008699999999999958
2026-04-25 23:05:38,77570.99,0.0,0.0
2026-04-25 23:05:39,77571.0,0.00028,0.0
2026-04-25 23:05:40,77571.0,0.00014,0.0
2026-04-25 23:05:41,77571.0,0.00081,0.0003600000000000001
2026-04-25 23:05:42,77571.0,0.00028,0.0
2026-04-25 23:05:43,77570.99,0.0,0.00011
2026-04-25 23:05:44,77571.0,0.00644,0.0
2026-04-25 23:05:45,77570.99,0.01288,0.00098
2026-04-25 23:05:46,77571.0,0.00138,0.0
2026-04-25 23:05:47,77571.0,0.0,0.0
2026-04-25 23:05:48,77571.0,0.0,0.0
2026-04-25 23:05:49,77571.0,0.00028,0.00027000000000000006
2026-04-25 23:05:50,77569.54,0.00042,0.42219
2026-04-25 23:05:51,77569.14,0.0,0.00878
2026-04-25 23:05:52,77569.14,0.06373,0.06463
2026-04-25 23:05:53,77569.14,0.0,0.00075
2026-04-25 23:05:54,77569.14,0.0,0.0
2026-04-25 23:05:55,77569.14,0.0,0.00084
2026-04-25 23:05:56,77569.14,0.0,0.0
2026-04-25 23:05:57,77569.15,0.07592,0.0
2026-04-25 23:05:58,77569.15,0.00318,0.0007000000000000001
2026-04-25 23:05:59,77569.15,0.00278,0.0006099999999999999
2026-04-25 23:06:00,77569.14,0.0,0.01378
2026-04-25 23:06:01,77569.14,0.0,0.0002
2026-04-25 23:06:02,77569.14,0.0,0.00118
2026-04-25 23:06:03,77569.14,0.0,0.00406
2026-04-25 23:06:04,77569.15,8e-05,0.00027
2026-04-25 23:06:05,77569.15,0.0002,0.0
2026-04-25 23:06:06,77569.14,0.0004,0.00020999999999999995
2026-04-25 23:06:07,77569.15,0.0004,0.0011
2026-04-25 23:06:08,77569.15,0.0,0.0
2026-04-25 23:06:09,77569.15,0.00027,0.0
2026-04-25 23:06:10,77568.79,0.0,0.36711
2026-04-25 23:06:11,77568.79,0.0,0.0
2026-04-25 23:06:12,77568.79,0.0,0.06573
2026-04-25 23:06:13,77568.79,0.0,0.0
2026-04-25 23:06:14,77568.8,0.00045,0.0
2026-04-25 23:06:15,77568.8,0.00015,0.0
2026-04-25 23:06:16,77568.79,0.00015,0.00278
2026-04-25 23:06:17,77568.8,0.03774,0.0002699999999999994
2026-04-25 23:06:18,77568.79,0.00038,0.0008
2026-04-25 23:06:19,77568.8,0.0005,0.0
2026-04-25 23:06:20,77568.8,0.00039,0.0
2026-04-25 23:06:21,77568.8,0.00086,0.0
2026-04-25 23:06:22,77568.8,0.00054,0.0
2026-04-25 23:06:23,77568.8,0.00067,0.0
2026-04-25 23:06:24,77568.8,0.00084,0.0
2026-04-25 23:06:25,77568.8,0.00024,0.0008799999999999999
2026-04-25 23:06:26,77564.55,0.0,1.5569
2026-04-25 23:06:27,77564.51,0.07986,0.0012800000000000034
2026-04-25 23:06:28,77564.51,0.00247,0.0007999999999999999
2026-04-25 23:06:29,77564.52,0.00097,0.0
2026-04-25 23:06:30,77564.52,0.0,0.0
2026-04-25 23:06:31,77564.52,0.00015,0.0
2026-04-25 23:06:32,77564.52,0.00012,0.0
2026-04-25 23:06:33,77564.52,0.0,0.0
2026-04-25 23:06:34,77564.52,0.00244,0.0
2026-04-25 23:06:35,77564.52,0.00968,0.0
2026-04-25 23:06:36,77564.51,0.00202,0.00051
2026-04-25 23:06:37,77564.51,0.0,0.0
2026-04-25 23:06:38,77564.51,0.0,0.0
2026-04-25 23:06:39,77564.51,0.0,0.0
2026-04-25 23:06:40,77564.54,0.07429,0.0
2026-04-25 23:06:41,77564.54,0.0,0.0
2026-04-25 23:06:42,77570.82,0.07552,0.0
2026-04-25 23:06:43,77577.51,0.04643,0.02964
2026-04-25 23:06:44,77577.51,0.0,0.0
2026-04-25 23:06:45,77577.51,0.0,0.0
2026-04-25 23:06:46,77577.51,0.0,0.0
2026-04-25 23:06:47,77577.51,0.0,0.02373
2026-04-25 23:06:48,77580.34,0.07025,0.0
2026-04-25 23:06:49,77580.34,0.0,0.0
2026-04-25 23:06:50,77580.34,0.0,0.0
2026-04-25 23:06:51,77580.33,0.0,0.00013
2026-04-25 23:06:52,77580.33,0.08299,0.0031300000000000078
2026-04-25 23:06:53,77580.33,0.0,0.0
2026-04-25 23:06:54,77580.33,0.0,0.0
2026-04-25 23:06:55,77580.33,0.06403,0.06314999999999998
2026-04-25 23:06:56,77580.33,0.0,0.0
2026-04-25 23:06:57,77580.33,0.0,0.0
2026-04-25 23:06:58,77580.33,0.0,0.0
2026-04-25 23:06:59,77580.33,0.0,0.0
2026-04-25 23:07:00,77580.33,0.0,0.0044
2026-04-25 23:07:01,77580.33,0.0,0.0
2026-04-25 23:07:02,77580.33,0.06657,0.0004699999999999982
2026-04-25 23:07:03,77580.33,0.0,0.00732
2026-04-25 23:07:04,77580.33,0.0,0.0
2026-04-25 23:07:05,77580.33,0.0,0.0
2026-04-25 23:07:06,77580.34,0.00091,0.0
2026-04-25 23:07:07,77580.34,0.0001,0.0
2026-04-25 23:07:08,77580.33,0.0,0.00112
2026-04-25 23:07:09,77580.33,0.0,0.00187
2026-04-25 23:07:10,77580.33,0.0,0.00116
2026-04-25 23:07:11,77580.33,0.0,0.00103
2026-04-25 23:07:12,77580.33,0.0,0.00147
2026-04-25 23:07:13,77580.33,0.00114,0.00010000000000000005
2026-04-25 23:07:14,77580.33,0.0,0.00774
2026-04-25 23:07:15,77580.33,0.0,0.00101
2026-04-25 23:07:16,77580.33,0.0,0.3
2026-04-25 23:07:17,77580.33,0.0626,0.000789999999999999
2026-04-25 23:07:18,77580.33,0.00041,0.00092
2026-04-25 23:07:19,77580.33,0.0,0.0
2026-04-25 23:07:20,77580.33,0.0,0.0
2026-04-25 23:07:21,77580.33,0.0,0.0
2026-04-25 23:07:22,77580.33,0.00042,0.0011
2026-04-25 23:07:23,77580.33,0.0,0.0
2026-04-25 23:07:24,77580.33,0.0,0.0
2026-04-25 23:07:25,77580.34,0.00096,0.001
2026-04-25 23:07:26,77580.34,0.0,0.0
2026-04-25 23:07:27,77580.33,0.0,0.00094
2026-04-25 23:07:28,77580.33,0.0,0.00018
2026-04-25 23:07:29,77580.34,0.00034,0.0
2026-04-25 23:07:30,77580.34,0.0,0.0
2026-04-25 23:07:31,77580.33,0.0,0.00039
2026-04-25 23:07:32,77580.33,0.0,0.0
2026-04-25 23:07:33,77580.33,0.0,0.0
2026-04-25 23:07:34,77580.34,6e-05,0.0
2026-04-25 23:07:35,77580.33,9e-05,0.00594
2026-04-25 23:07:36,77580.33,0.0,0.0
2026-04-25 23:07:37,77580.33,0.0,0.0
2026-04-25 23:07:38,77580.33,0.0,0.0
2026-04-25 23:07:39,77580.33,0.0,0.0
2026-04-25 23:07:40,77580.34,0.00133,0.4
2026-04-25 23:07:41,77580.34,0.0,0.0
2026-04-25 23:07:42,77580.34,0.09649,0.0
2026-04-25 23:07:43,77580.34,0.0,0.0
2026-04-25 23:07:44,77580.33,0.0,0.00072
2026-04-25 23:07:45,77580.33,0.0,0.0
2026-04-25 23:07:46,77580.33,0.0,0.00652
2026-04-25 23:07:47,77580.33,0.0,0.0
2026-04-25 23:07:48,77580.33,0.0,0.0
2026-04-25 23:07:49,77580.33,0.0,0.00645
2026-04-25 23:07:50,77580.33,0.0,0.0
2026-04-25 23:07:51,77580.33,0.0,0.0
2026-04-25 23:07:52,77580.34,0.00025,0.0
2026-04-25 23:07:53,77580.34,0.0,0.0
2026-04-25 23:07:54,77580.33,0.0,0.00012
2026-04-25 23:07:55,77580.34,0.00129,0.0
2026-04-25 23:07:56,77580.34,0.00015,0.0
2026-04-25 23:07:57,77580.33,0.06323,0.06297000000000001
2026-04-25 23:07:58,77580.33,0.0,0.0
2026-04-25 23:07:59,77580.34,0.00025,0.0
2026-04-25 23:08:00,77580.34,0.0,0.0
2026-04-25 23:08:01,77580.34,0.0004,0.0
2026-04-25 23:08:02,77580.34,0.00033,0.0
2026-04-25 23:08:03,77580.34,0.0013,0.0
2026-04-25 23:08:04,77580.34,0.00014,0.0
2026-04-25 23:08:05,77580.34,0.0,0.0
2026-04-25 23:08:06,77584.45,0.08551,0.0020599999999999924
2026-04-25 23:08:07,77584.45,0.0,0.0
2026-04-25 23:08:08,77584.45,0.0,0.0
2026-04-25 23:08:09,77584.45,0.0,0.12184
2026-04-25 23:08:10,77584.46,0.00131,0.0
2026-04-25 23:08:11,77584.46,0.0,0.0
2026-04-25 23:08:12,77584.46,0.00164,0.0007300000000000002
2026-04-25 23:08:13,77584.46,0.0,0.0
2026-04-25 23:08:14,77584.45,0.0,0.00051
2026-04-25 23:08:15,77584.46,0.00263,0.0
2026-04-25 23:08:16,77584.46,0.0006,0.0
2026-04-25 23:08:17,77584.46,0.08002,0.0
2026-04-25 23:08:18,77584.46,0.00322,0.0
2026-04-25 23:08:19,77584.46,0.00104,0.0
2026-04-25 23:08:20,77584.46,1.41793,0.0
2026-04-25 23:08:21,77584.46,0.00332,0.0
2026-04-25 23:08:22,77584.46,0.00133,0.0
2026-04-25 23:08:23,77584.46,0.00033,0.0
2026-04-25 23:08:24,77584.45,0.0,0.00017
2026-04-25 23:08:25,77584.45,0.0,0.0
2026-04-25 23:08:26,77584.45,0.0,0.0
2026-04-25 23:08:27,77589.49,0.05578,0.0
2026-04-25 23:08:28,77589.49,0.0,0.0
2026-04-25 23:08:29,77589.49,0.0,0.0
2026-04-25 23:08:30,77589.91,0.10971,0.0
2026-04-25 23:08:31,77589.91,0.00219,0.00023999999999999976
2026-04-25 23:08:32,77591.36,0.47771,0.0
2026-04-25 23:08:33,77591.36,0.0,0.0
2026-04-25 23:08:34,77591.36,0.0,0.0
2026-04-25 23:08:35,77591.37,0.00068,0.0
2026-04-25 23:08:36,77591.36,0.0,0.00374
2026-04-25 23:08:37,77591.36,0.0,0.00063
2026-04-25 23:08:38,77591.36,0.0,0.0
2026-04-25 23:08:39,77591.37,0.00123,0.0
2026-04-25 23:08:40,77591.37,0.0,0.0
2026-04-25 23:08:41,77591.36,0.0,0.00038
2026-04-25 23:08:42,77591.37,0.00037,0.0
2026-04-25 23:08:43,77591.37,0.0,0.0
2026-04-25 23:08:44,77591.37,0.00057,0.0014600000000000001
2026-04-25 23:08:45,77598.15,0.15718,0.0
2026-04-25 23:08:46,77598.15,0.0,0.0
2026-04-25 23:08:47,77607.59,0.10539,0.0
2026-04-25 23:08:48,77607.59,0.00328,0.00021000000000000012
2026-04-25 23:08:49,77607.59,0.0,0.00014
2026-04-25 23:08:50,77607.6,0.00051,0.0
2026-04-25 23:08:51,77607.6,0.00059,0.0
2026-04-25 23:08:52,77607.6,0.00045,0.0
2026-04-25 23:08:53,77607.6,0.0,0.0
2026-04-25 23:08:54,77607.59,0.0,0.00306
2026-04-25 23:08:55,77607.6,0.00014,0.0
2026-04-25 23:08:56,77607.59,0.51541,0.0007999999999999119
2026-04-25 23:08:57,77607.59,0.0,0.0
2026-04-25 23:08:58,77607.59,0.00151,0.0009599999999999999
2026-04-25 23:08:59,77607.6,0.01611,0.00024000000000000063
2026-04-25 23:09:00,77607.6,0.07113,0.0
2026-04-25 23:09:01,77607.6,0.00015,0.06314
2026-04-25 23:09:02,77607.59,0.00027,0.00057
2026-04-25 23:09:03,77607.6,0.0012,0.0
2026-04-25 23:09:04,77607.6,0.00317,0.01088
2026-04-25 23:09:05,77607.6,0.00064,0.0
2026-04-25 23:09:06,77608.79,0.01706,0.0006300000000000021
2026-04-25 23:09:07,77608.79,0.0,0.0
2026-04-25 23:09:08,77609.17,0.0,0.00021
2026-04-25 23:09:09,77609.17,0.00342,0.0006099999999999999
2026-04-25 23:09:10,77609.18,0.00145,0.0
2026-04-25 23:09:11,77609.18,0.0,0.0
2026-04-25 23:09:12,77609.18,0.01391,0.0
2026-04-25 23:09:13,77609.18,0.0,0.0
2026-04-25 23:09:14,77609.18,0.0,0.0
2026-04-25 23:09:15,77609.18,0.0,0.0
2026-04-25 23:09:16,77609.17,0.00284,0.0005999999999999998
2026-04-25 23:09:17,77609.17,0.06732,0.010429999999999995
2026-04-25 23:09:18,77609.18,0.00128,0.0
2026-04-25 23:09:19,77609.18,0.00173,0.0
2026-04-25 23:09:20,77609.18,0.0,0.0
2026-04-25 23:09:21,77609.17,0.00257,0.011260000000000001
2026-04-25 23:09:22,77609.18,0.00049,0.0
2026-04-25 23:09:23,77616.11,0.01979,0.0
2026-04-25 23:09:24,77616.11,0.00011,0.00013000000000000002
2026-04-25 23:09:25,77595.5,0.0,4.85881
2026-04-25 23:09:26,77595.5,0.00014,0.01978
2026-04-25 23:09:27,77595.49,0.00014,0.007789999999999999
2026-04-25 23:09:28,77595.5,0.00042,0.0
2026-04-25 23:09:29,77595.49,9e-05,0.00085
2026-04-25 23:09:30,77595.5,0.02788,0.0
2026-04-25 23:09:31,77595.49,0.0,0.00075
2026-04-25 23:09:32,77595.5,0.00258,0.0
2026-04-25 23:09:33,77595.5,0.08856,0.0
2026-04-25 23:09:34,77595.5,0.0,0.0
2026-04-25 23:09:35,77595.5,0.00028,0.0
2026-04-25 23:09:36,77595.5,0.00028,0.0
2026-04-25 23:09:37,77595.5,0.00014,0.0
2026-04-25 23:09:38,77595.49,0.20836,0.05176000000000003
2026-04-25 23:09:39,77595.49,0.00453,0.0007499999999999998
2026-04-25 23:09:40,77595.5,0.00193,0.0
2026-04-25 23:09:41,77595.5,0.00167,0.0
2026-04-25 23:09:42,77595.5,0.0,0.0
2026-04-25 23:09:43,77595.5,0.00014,0.0
2026-04-25 23:09:44,77595.5,0.00014,0.0
2026-04-25 23:09:45,77595.5,0.03805,0.0
2026-04-25 23:09:46,77595.5,0.00014,9.000000000000002e-05
2026-04-25 23:09:47,77581.66,0.00028,1.0123
2026-04-25 23:09:48,77581.66,0.0,0.0014
2026-04-25 23:09:49,77581.66,0.0,0.00075
2026-04-25 23:09:50,77581.66,0.0,0.0
2026-04-25 23:09:51,77581.67,0.00015,0.0
2026-04-25 23:09:52,77581.67,0.0,0.0
2026-04-25 23:09:53,77581.66,0.0,0.00103
2026-04-25 23:09:54,77581.67,0.01825,0.0
2026-04-25 23:09:55,77581.66,0.0,0.00024
2026-04-25 23:09:56,77581.66,0.0,0.0
2026-04-25 23:09:57,77581.66,0.03062,0.0004599999999999986
2026-04-25 23:09:58,77581.67,0.00127,0.0
2026-04-25 23:09:59,77581.66,0.0,0.00015
2026-04-25 23:10:00,77581.66,0.0,0.00401
2026-04-25 23:10:01,77581.66,0.0,0.0
2026-04-25 23:10:02,77581.66,0.0,0.00915
2026-04-25 23:10:03,77584.85,0.46328,9.999999999998899e-05
2026-04-25 23:10:04,77585.98,0.09943,0.0626
2026-04-25 23:10:05,77585.98,0.0,0.0
2026-04-25 23:10:06,77585.98,0.00066,0.0
2026-04-25 23:10:07,77585.98,0.0,0.0
2026-04-25 23:10:08,77592.53,0.04933,0.0
2026-04-25 23:10:09,77592.54,7e-05,0.0
2026-04-25 23:10:10,77592.53,0.0,0.0011
2026-04-25 23:10:11,77592.54,0.00057,0.0
2026-04-25 23:10:12,77592.53,0.0,0.00012
2026-04-25 23:10:13,77592.53,0.0,0.00385
2026-04-25 23:10:14,77592.53,0.0,0.0
2026-04-25 23:10:15,77592.53,0.0,0.0
2026-04-25 23:10:16,77592.53,0.0,0.0
2026-04-25 23:10:17,77592.54,0.03548,0.0
2026-04-25 23:10:18,77592.53,0.0,0.00068
2026-04-25 23:10:19,77592.53,0.0,0.00054
2026-04-25 23:10:20,77592.53,0.0,0.00063
2026-04-25 23:10:21,77592.54,0.00193,0.0
2026-04-25 23:10:22,77592.54,0.00044,0.0
2026-04-25 23:10:23,77592.53,0.0,7e-05
2026-04-25 23:10:24,77592.53,0.0,0.0075
2026-04-25 23:10:25,77592.53,0.0,0.0
2026-04-25 23:10:26,77592.54,0.00396,0.0
2026-04-25 23:10:27,77592.53,0.0,0.00022
2026-04-25 23:10:28,77592.53,0.0,0.0
2026-04-25 23:10:29,77592.53,0.0,0.00125
2026-04-25 23:10:30,77592.53,0.0,0.00077
2026-04-25 23:10:31,77592.53,0.0,0.00659
2026-04-25 23:10:32,77592.53,0.0,0.0
2026-04-25 23:10:33,77592.53,0.0,0.0
2026-04-25 23:10:34,77592.53,0.0,0.00271
2026-04-25 23:10:35,77592.53,0.0,0.0
2026-04-25 23:10:36,77592.53,0.0,0.0
2026-04-25 23:10:37,77592.54,0.03559,0.0
2026-04-25 23:10:38,77592.53,0.0,0.00326
2026-04-25 23:10:39,77592.53,0.0,0.0
2026-04-25 23:10:40,77592.54,0.00183,0.0
2026-04-25 23:10:41,77592.54,0.0,0.0
2026-04-25 23:10:42,77592.37,0.0,0.02989
2026-04-25 23:10:43,77590.88,0.0,0.00128
2026-04-25 23:10:44,77590.89,0.00091,0.0
2026-04-25 23:10:45,77587.17,9e-05,0.04845
2026-04-25 23:10:46,77585.93,0.0,0.01655
2026-04-25 23:10:47,77585.93,0.0,0.0
2026-04-25 23:10:48,77585.93,0.01968,0.011949999999999999
2026-04-25 23:10:49,77585.93,0.0,0.0
2026-04-25 23:10:50,77585.93,0.0,0.0
2026-04-25 23:10:51,77585.93,0.0,0.0
2026-04-25 23:10:52,77585.93,0.0,0.00128
2026-04-25 23:10:53,77585.93,0.0,0.00099
2026-04-25 23:10:54,77585.93,0.0,0.0
2026-04-25 23:10:55,77585.94,0.00194,0.0
2026-04-25 23:10:56,77585.94,0.00025,0.0
2026-04-25 23:10:57,77585.93,0.0,0.0056
2026-04-25 23:10:58,77585.93,0.0004,0.00068
2026-04-25 23:10:59,77585.93,0.0,0.0
2026-04-25 23:11:00,77585.93,0.0,0.0
2026-04-25 23:11:01,77585.93,0.0,0.0
2026-04-25 23:11:02,77585.93,0.00031,0.00014
2026-04-25 23:11:03,77585.93,0.0,0.0
2026-04-25 23:11:04,77585.93,0.0,0.0
2026-04-25 23:11:05,77585.94,0.0001,0.0
2026-04-25 23:11:06,77585.93,0.06241,0.06321000000000002
2026-04-25 23:11:07,77585.93,0.0,0.0
2026-04-25 23:11:08,77585.93,0.0,0.0
2026-04-25 23:11:09,77585.93,0.0,0.0
2026-04-25 23:11:10,77585.93,0.0,0.00103
2026-04-25 23:11:11,77584.64,0.04589,0.015269999999999999
2026-04-25 23:11:12,77584.63,0.0,0.01082
2026-04-25 23:11:13,77584.63,0.0,0.0
2026-04-25 23:11:14,77584.63,0.0,0.0
2026-04-25 23:11:15,77584.64,0.00015,0.0
2026-04-25 23:11:16,77584.63,0.0,0.01284
2026-04-25 23:11:17,77584.64,0.06889,0.006399999999999989
2026-04-25 23:11:18,77584.64,0.01152,0.01239
2026-04-25 23:11:19,77584.64,0.01292,0.01152
2026-04-25 23:11:20,77584.64,0.0207,0.011519999999999999
2026-04-25 23:11:21,77584.63,0.01152,0.0128
2026-04-25 23:11:22,77584.63,0.0122,0.01171
2026-04-25 23:11:23,77584.63,0.01164,0.01309
2026-04-25 23:11:24,77584.63,0.01152,0.011659999999999998
2026-04-25 23:11:25,77584.63,0.01152,0.01152
2026-04-25 23:11:26,77584.63,0.01152,0.01152
2026-04-25 23:11:27,77584.64,0.0128,0.01152
2026-04-25 23:11:28,77584.64,0.01169,0.012669999999999999
2026-04-25 23:11:29,77584.64,0.01222,0.01152
2026-04-25 23:11:30,77584.64,0.01152,0.011759999999999998
2026-04-25 23:11:31,77584.64,0.01152,0.0117
2026-04-25 23:11:32,77584.64,0.0119,0.011519999999999999
2026-04-25 23:11:33,77584.64,0.01152,0.01152
2026-04-25 23:11:34,77584.63,0.01152,0.01668
2026-04-25 23:11:35,77584.63,0.01152,0.01152
2026-04-25 23:11:36,77584.63,0.01152,0.0122
2026-04-25 23:11:37,77584.63,0.01152,0.011729999999999999
2026-04-25 23:11:38,77584.64,0.0128,0.01152
2026-04-25 23:11:39,77584.64,0.01152,0.01152
2026-04-25 23:11:40,77584.64,0.01173,0.011519999999999999
2026-04-25 23:11:41,77584.64,0.02619,0.025129999999999996
2026-04-25 23:11:42,77584.63,0.01152,0.0128
2026-04-25 23:11:43,77584.63,0.01152,0.01152
2026-04-25 23:11:44,77584.63,0.01152,0.01152
2026-04-25 23:11:45,77584.63,0.01152,0.01545
2026-04-25 23:11:46,77584.63,0.01352,0.011519999999999999
2026-04-25 23:11:47,77584.64,0.04414,0.011520000000000002
2026-04-25 23:11:48,77584.64,0.01167,0.011519999999999999
2026-04-25 23:11:49,77584.64,0.01162,0.06152
2026-04-25 23:11:50,77584.64,0.01152,0.01152
2026-04-25 23:11:51,77584.63,0.01198,0.0128
2026-04-25 23:11:52,77584.63,0.01152,0.01152
2026-04-25 23:11:53,77584.63,0.01152,0.01152
2026-04-25 23:11:54,77584.63,0.01152,0.011749999999999998
2026-04-25 23:11:55,77584.63,0.01162,0.01152
2026-04-25 23:11:56,77584.63,0.01162,0.01169
2026-04-25 23:11:57,77584.64,0.01366,0.012270000000000001
2026-04-25 23:11:58,77584.86,3.64417,0.011519999999999975
2026-04-25 23:11:59,77584.86,0.01152,0.02234
2026-04-25 23:12:00,77584.86,0.05608,0.011519999999999996
2026-04-25 23:12:01,77589.84,0.18078,0.010239999999999999
2026-04-25 23:12:02,77589.84,0.01152,0.01152
2026-04-25 23:12:03,77589.84,0.01152,0.01152
2026-04-25 23:12:04,77589.84,0.01227,0.014690000000000002
2026-04-25 23:12:05,77589.84,0.01173,0.011519999999999999
2026-04-25 23:12:06,77589.83,0.01152,0.0128
2026-04-25 23:12:07,77589.83,0.01263,0.011600000000000001
2026-04-25 23:12:08,77589.83,0.01152,0.01152
2026-04-25 23:12:09,77589.83,0.07375,0.07390000000000001
2026-04-25 23:12:10,77589.84,0.0128,0.01152
2026-04-25 23:12:11,77589.84,0.01152,0.01152
2026-04-25 23:12:12,77589.84,0.01152,0.01152
2026-04-25 23:12:13,77589.84,0.01796,0.011519999999999999
2026-04-25 23:12:14,77589.83,0.01152,0.0128
2026-04-25 23:12:15,77589.83,0.01152,0.01248
2026-04-25 23:12:16,77589.83,0.01152,0.012349999999999998
2026-04-25 23:12:17,77589.84,0.55392,0.011520000000000086
2026-04-25 23:12:18,77589.83,0.01561,0.01152
2026-04-25 23:12:19,77589.84,0.01776,0.011519999999999999
2026-04-25 23:12:20,77589.84,0.01598,0.011519999999999999
2026-04-25 23:12:21,77589.84,0.01392,0.01152
2026-04-25 23:12:22,77589.84,0.01305,0.01152
2026-04-25 23:12:23,77589.84,0.01223,0.01152
2026-04-25 23:12:24,77589.83,0.01165,0.012799999999999999
2026-04-25 23:12:25,77589.83,0.01152,0.01152
2026-04-25 23:12:26,77589.83,0.01231,0.016739999999999998
2026-04-25 23:12:27,77589.83,0.01305,0.01152
2026-04-25 23:12:28,77589.83,0.01152,0.01152
2026-04-25 23:12:29,77589.83,0.00896,0.00896
2026-04-25 23:12:30,77589.93,1.46053,0.011519999999999975
2026-04-25 23:12:31,77589.94,0.0128,0.01152
2026-04-25 23:12:32,77589.94,0.0122,0.01152
2026-04-25 23:12:33,77589.94,0.01152,0.01899
2026-04-25 23:12:34,77589.94,0.01152,0.01152
2026-04-25 23:12:35,77589.93,0.01152,0.0128
2026-04-25 23:12:36,77589.93,0.01152,0.01152
2026-04-25 23:12:37,77589.93,0.01152,0.01152
2026-04-25 23:12:38,77589.94,0.0128,0.01188
2026-04-25 23:12:39,77589.94,0.01152,0.01152
2026-04-25 23:12:40,77589.94,0.01152,0.017959999999999997
2026-04-25 23:12:41,77589.94,0.01152,0.01152
2026-04-25 23:12:42,77589.93,0.01152,0.0128
2026-04-25 23:12:43,77589.93,0.01152,0.01152
2026-04-25 23:12:44,77589.94,0.01178,0.01152
2026-04-25 23:12:45,77589.93,0.01152,0.01152
2026-04-25 23:12:46,77589.93,0.01152,0.05809
2026-04-25 23:12:47,77589.94,0.0128,0.01152
2026-04-25 23:12:48,77589.94,0.01152,0.01152
2026-04-25 23:12:49,77589.94,0.01152,0.01152
2026-04-25 23:12:50,77589.93,0.01185,0.012799999999999999
2026-04-25 23:12:51,77589.93,0.01216,0.011519999999999999
2026-04-25 23:12:52,77589.93,0.01152,0.01152
2026-04-25 23:12:53,77589.93,0.01152,0.01152
2026-04-25 23:12:54,77589.94,0.01289,0.01152
2026-04-25 23:12:55,77589.94,0.01236,0.012410000000000001
2026-04-25 23:12:56,77589.94,0.01152,0.01152
2026-04-25 23:12:57,77589.94,0.0636,0.011520000000000002
2026-04-25 23:12:58,77589.93,0.01152,0.0128
2026-04-25 23:12:59,77589.93,0.01152,0.01152
2026-04-25 23:13:00,77589.94,0.01189,0.01024
2026-04-25 23:13:01,77589.93,0.01024,0.01152
2026-04-25 23:13:02,77589.93,0.01152,0.011899999999999999
2026-04-25 23:13:03,77589.94,0.0128,0.01152
2026-04-25 23:13:04,77589.94,0.01478,0.021449999999999997
2026-04-25 23:13:05,77589.94,0.01152,0.011589999999999998
2026-04-25 23:13:06,77589.94,0.01165,0.011519999999999999
2026-04-25 23:13:07,77589.93,0.04934,0.013860000000000004
2026-04-25 23:13:08,77589.94,0.00288,0.00256
2026-04-25 23:13:09,77589.94,0.0,0.0
2026-04-25 23:13:10,77589.93,0.0,0.00012
2026-04-25 23:13:11,77589.93,0.0,0.0
2026-04-25 23:13:12,77589.93,0.06205,0.06205
2026-04-25 23:13:13,77589.91,0.0,0.04231
2026-04-25 23:13:14,77589.9,9e-05,9e-05
2026-04-25 23:13:15,77589.91,0.00016,0.0
2026-04-25 23:13:16,77589.91,0.0,0.0
2026-04-25 23:13:17,77589.91,0.07667,0.0
2026-04-25 23:13:18,77589.9,0.0,0.0002
2026-04-25 23:13:19,77589.9,0.0,0.0
2026-04-25 23:13:20,77589.9,0.0,6e-05
2026-04-25 23:13:21,77589.9,0.0,0.0
2026-04-25 23:13:22,77589.91,0.0005,0.0
2026-04-25 23:13:23,77589.91,0.0,0.0
2026-04-25 23:13:24,77589.9,0.0,0.02527
2026-04-25 23:13:25,77589.9,0.0,0.0
2026-04-25 23:13:26,77589.9,0.0,0.0
2026-04-25 23:13:27,77589.9,0.0,0.0
2026-04-25 23:13:28,77589.9,0.0,0.00116
2026-04-25 23:13:29,77589.9,0.0,6e-05
2026-04-25 23:13:30,77589.9,0.0,0.0
2026-04-25 23:13:31,77589.9,0.0,0.0
2026-04-25 23:13:32,77589.91,0.00212,0.00013999999999999993
2026-04-25 23:13:33,77589.91,0.00058,0.0
2026-04-25 23:13:34,77589.91,0.00039,0.0
2026-04-25 23:13:35,77589.91,0.0,0.0
2026-04-25 23:13:36,77589.9,0.0,0.00046
2026-04-25 23:13:37,77589.91,0.0085,0.0012799999999999999
2026-04-25 23:13:38,77589.91,0.0,0.0
2026-04-25 23:13:39,77589.9,0.0,0.00178
2026-04-25 23:13:40,77589.9,0.0,0.00508
2026-04-25 23:13:41,77589.9,0.0,0.0
2026-04-25 23:13:42,77589.9,0.0,0.0
2026-04-25 23:13:43,77589.91,0.00039,0.0
2026-04-25 23:13:44,77589.9,0.0,0.00395
2026-04-25 23:13:45,77589.9,0.0,0.00147
2026-04-25 23:13:46,77589.9,0.0,0.00907
2026-04-25 23:13:47,77589.9,0.0,0.01244
2026-04-25 23:13:48,77589.9,0.0,0.0
2026-04-25 23:13:49,77589.9,0.00201,0.07414
2026-04-25 23:13:50,77589.9,0.0,0.0
2026-04-25 23:13:51,77589.9,0.0,0.0002
2026-04-25 23:13:52,77589.9,0.0,0.0
2026-04-25 23:13:53,77589.9,0.0,0.0
2026-04-25 23:13:54,77589.9,0.0,0.0
2026-04-25 23:13:55,77589.91,0.00069,0.0
2026-04-25 23:13:56,77589.91,0.0,0.0
2026-04-25 23:13:57,77589.91,0.06968,0.0018600000000000005
2026-04-25 23:13:58,77589.9,0.0,0.00266
2026-04-25 23:13:59,77589.9,0.0,0.0
2026-04-25 23:14:00,77589.9,0.0,0.0
2026-04-25 23:14:01,77589.91,0.00014,0.0
2026-04-25 23:14:02,77589.91,0.0,0.0
2026-04-25 23:14:03,77589.9,0.00048,0.00037999999999999997
2026-04-25 23:14:04,77589.91,0.00014,0.0
2026-04-25 23:14:05,77585.37,0.0,1.09709
2026-04-25 23:14:06,77585.37,0.0,0.0
2026-04-25 23:14:07,77585.37,0.0,0.0
2026-04-25 23:14:08,77585.37,0.0,0.0
2026-04-25 23:14:09,77585.37,0.0,0.00079
2026-04-25 23:14:10,77585.37,0.0,0.0
2026-04-25 23:14:11,77585.37,0.0,0.0
2026-04-25 23:14:12,77585.37,0.0,0.0
2026-04-25 23:14:13,77585.37,0.0,0.0
2026-04-25 23:14:14,77585.37,0.0,0.0
2026-04-25 23:14:15,77585.38,0.06188,0.0
2026-04-25 23:14:16,77585.37,0.00083,0.062130000000000005
2026-04-25 23:14:17,77585.37,0.06205,0.0017499999999999946
2026-04-25 23:14:18,77585.38,0.0004,0.0
2026-04-25 23:14:19,77585.38,0.0,0.0
2026-04-25 23:14:20,77585.37,0.0,0.00032
2026-04-25 23:14:21,77585.38,0.00013,0.00421
2026-04-25 23:14:22,77585.37,0.00317,0.00047999999999999996
2026-04-25 23:14:23,77585.38,0.00184,0.0
2026-04-25 23:14:24,77585.38,0.00279,0.0
2026-04-25 23:14:25,77585.38,0.00132,0.0
2026-04-25 23:14:26,77585.38,0.0,0.0
2026-04-25 23:14:27,77585.38,0.0,0.0
2026-04-25 23:14:28,77585.38,0.0,0.0
2026-04-25 23:14:29,77585.37,0.0,0.00316
2026-04-25 23:14:30,77585.37,0.0,0.0
2026-04-25 23:14:31,77585.38,0.00145,0.00504
2026-04-25 23:14:32,77585.38,0.00064,0.0
2026-04-25 23:14:33,77585.38,0.00054,0.0
2026-04-25 23:14:34,77585.38,0.00013,0.0
2026-04-25 23:14:35,77585.37,0.00096,0.00096
2026-04-25 23:14:36,77585.37,0.00295,0.00288
2026-04-25 23:14:37,77585.38,0.0032,0.029489999999999995
2026-04-25 23:14:38,77585.38,0.00288,0.00288
2026-04-25 23:14:39,77585.38,0.00288,0.0033399999999999997
2026-04-25 23:14:40,77585.37,0.00326,0.0031999999999999997
2026-04-25 23:14:41,77585.37,0.00288,0.00288
2026-04-25 23:14:42,77585.38,0.00499,0.0047799999999999995
2026-04-25 23:14:43,77585.38,0.00288,0.00288
2026-04-25 23:14:44,77585.37,0.00288,0.0032
2026-04-25 23:14:45,77585.37,0.01929,0.002879999999999997
2026-04-25 23:14:46,77585.38,0.04924,0.0036400000000000043
2026-04-25 23:14:47,77585.38,0.00312,0.00288
2026-04-25 23:14:48,77585.37,0.00301,0.0069099999999999995
2026-04-25 23:14:49,77585.37,0.00373,0.0028800000000000006
2026-04-25 23:14:50,77585.38,0.0032,0.00288
2026-04-25 23:14:51,77585.38,0.00288,0.00288
2026-04-25 23:14:52,77585.38,0.06385,0.0028799999999999937
2026-04-25 23:14:53,77585.48,1.53749,0.012170000000000014
2026-04-25 23:14:54,77585.49,0.00326,0.0028799999999999997
2026-04-25 23:14:55,77585.49,0.00426,0.0030600000000000002
2026-04-25 23:14:56,77585.49,0.00288,0.00288
2026-04-25 23:14:57,77585.49,0.00288,0.00288
2026-04-25 23:14:58,77585.48,0.00288,0.0032
2026-04-25 23:14:59,77585.48,0.00342,0.0037300000000000002
2026-04-25 23:15:00,77585.49,0.00863,0.002879999999999999
2026-04-25 23:15:01,77585.48,0.00289,0.0025599999999999998
2026-04-25 23:15:02,77585.48,0.00256,0.00293
2026-04-25 23:15:03,77585.49,0.0032,0.00288
2026-04-25 23:15:04,77585.49,0.003,0.0028799999999999997
2026-04-25 23:15:05,77585.49,0.00288,0.0031299999999999995
2026-04-25 23:15:06,77585.48,0.00294,0.0038399999999999997
2026-04-25 23:15:07,77585.48,0.00288,0.00288
2026-04-25 23:15:08,77585.49,0.0033,0.0028799999999999997
2026-04-25 23:15:09,77585.49,0.00288,0.004869999999999999
2026-04-25 23:15:10,77585.48,0.00288,0.0032
2026-04-25 23:15:11,77585.48,0.00288,0.00288
2026-04-25 23:15:12,77585.48,0.00325,0.00288
2026-04-25 23:15:13,77585.49,0.01223,0.0028800000000000006
2026-04-25 23:15:14,77585.49,0.003,0.0028799999999999997
2026-04-25 23:15:15,77585.48,0.00288,0.003939999999999999
2026-04-25 23:15:16,77585.48,0.00403,0.0028800000000000006
2026-04-25 23:15:17,77585.49,0.0714,0.007609999999999992
2026-04-25 23:15:18,77585.49,0.00353,0.0028799999999999997
2026-04-25 23:15:19,77585.48,0.06458,0.06515000000000001
2026-04-25 23:15:20,77585.48,0.00288,0.00288
2026-04-25 23:15:21,77585.51,1.8207,0.0028799999999999937
2026-04-25 23:15:22,77585.51,0.0039,0.00436
2026-04-25 23:15:23,77585.51,0.00288,0.00288
2026-04-25 23:15:24,77585.5,0.00288,0.0036399999999999996
2026-04-25 23:15:25,77585.5,0.00288,0.00288
2026-04-25 23:15:26,77585.51,0.0032,0.00352
2026-04-25 23:15:27,77585.51,0.00288,0.00288
2026-04-25 23:15:28,77585.51,0.00288,0.01557
2026-04-25 23:15:29,77585.5,0.00348,0.0032
2026-04-25 23:15:30,77585.5,0.00662,0.0031399999999999996
2026-04-25 23:15:31,77585.51,0.0032,0.00288
2026-04-25 23:15:32,77585.51,0.00288,0.00288
2026-04-25 23:15:33,77585.5,0.00494,0.04772
2026-04-25 23:15:34,77585.5,0.00288,0.00288
2026-04-25 23:15:35,77585.51,0.0032,0.00288
2026-04-25 23:15:36,77585.51,0.00288,0.00288
2026-04-25 23:15:37,77585.5,0.00288,0.0032
2026-04-25 23:15:38,77585.5,0.00288,0.00288
2026-04-25 23:15:39,77585.51,0.00344,0.00288
2026-04-25 23:15:40,77585.51,0.01362,0.0028800000000000006
2026-04-25 23:15:41,77578.12,0.00288,1.10007
2026-04-25 23:15:42,77578.12,0.00295,0.006750000000000001
2026-04-25 23:15:43,77578.13,0.0032,0.00288
2026-04-25 23:15:44,77578.13,0.00288,0.04145
2026-04-25 23:15:45,77578.12,0.00303,0.0032799999999999995
2026-04-25 23:15:46,77578.13,0.01559,0.003300000000000001
2026-04-25 23:15:47,77578.13,0.0047,0.0028799999999999997
2026-04-25 23:15:48,77578.13,0.00288,0.00288
2026-04-25 23:15:49,77578.12,0.00288,0.0032
2026-04-25 23:15:50,77578.12,0.00288,0.00288
2026-04-25 23:15:51,77578.12,0.00303,0.00288
2026-04-25 23:15:52,77578.13,0.07339,0.0028800000000000076
2026-04-25 23:15:53,77578.13,0.00288,0.0030899999999999994
2026-04-25 23:15:54,77578.12,0.00288,0.0032
2026-04-25 23:15:55,77578.12,0.00288,0.00288
2026-04-25 23:15:56,77578.13,0.0032,0.00288
2026-04-25 23:15:57,77578.12,0.00288,0.0032
2026-04-25 23:15:58,77578.12,0.00288,0.004239999999999999
2026-04-25 23:15:59,77578.12,0.01071,0.0033299999999999996
2026-04-25 23:16:00,77578.13,0.0032,0.00533
2026-04-25 23:16:01,77578.13,0.00288,0.00288
2026-04-25 23:16:02,77578.12,0.00288,0.0032
2026-04-25 23:16:03,77578.12,0.00298,0.0028799999999999997
2026-04-25 23:16:04,77578.13,0.00639,0.0030100000000000005
2026-04-25 23:16:05,77578.13,0.00288,0.00288
2026-04-25 23:16:06,77578.13,0.00352,0.00288
2026-04-25 23:16:07,77578.12,0.00288,0.0032
2026-04-25 23:16:08,77583.08,4.73946,0.0028800000000002157
2026-04-25 23:16:09,77583.97,0.0032,0.32721
2026-04-25 23:16:10,77583.97,0.00288,0.00288
2026-04-25 23:16:11,77583.96,0.00288,0.0032
2026-04-25 23:16:12,77583.96,0.00288,0.00414
2026-04-25 23:16:13,77583.97,0.0032,0.00288
2026-04-25 23:16:14,77583.97,0.00294,0.00408
2026-04-25 23:16:15,77583.96,0.00288,0.0032
2026-04-25 23:16:16,77583.96,0.00288,0.0035099999999999997
2026-04-25 23:16:17,77583.97,0.04055,0.0034399999999999986
2026-04-25 23:16:18,77583.97,0.00366,0.0038799999999999998
2026-04-25 23:16:19,77583.96,0.00484,0.0032000000000000006
2026-04-25 23:16:20,77583.96,0.00611,0.0030700000000000007
2026-04-25 23:16:21,77583.97,0.0032,0.10221000000000001
2026-04-25 23:16:22,77583.97,0.06653,0.06441
2026-04-25 23:16:23,77583.96,0.00316,0.0032
2026-04-25 23:16:24,77583.96,0.00327,0.0216
2026-04-25 23:16:25,77583.96,0.01341,0.002879999999999999
2026-04-25 23:16:26,77583.97,0.00341,0.0028799999999999997
2026-04-25 23:16:27,77579.97,0.00288,0.15565
2026-04-25 23:16:28,77578.2,0.00306,0.15500999999999998
2026-04-25 23:16:29,77578.2,0.00288,0.04916
2026-04-25 23:16:30,77578.21,0.0032,0.0035600000000000002
2026-04-25 23:16:31,77578.21,0.00288,0.014620000000000001
2026-04-25 23:16:32,77578.2,0.06027,0.0035600000000000007
2026-04-25 23:16:33,77578.2,0.00415,0.0028799999999999997
2026-04-25 23:16:34,77578.21,0.0032,0.00288
2026-04-25 23:16:35,77574.72,0.00288,0.36618
2026-04-25 23:16:36,77567.17,0.00544,0.20548
2026-04-25 23:16:37,77567.17,0.00288,0.00288
2026-04-25 23:16:38,77567.18,0.0032,0.008960000000000001
2026-04-25 23:16:39,77567.18,0.003,0.0321
2026-04-25 23:16:40,77567.17,0.00288,0.0032
2026-04-25 23:16:41,77567.17,0.00288,0.00417
2026-04-25 23:16:42,77567.18,0.0032,0.00288
2026-04-25 23:16:43,77567.18,0.00288,0.00288
2026-04-25 23:16:44,77567.17,0.00288,0.0032
2026-04-25 23:16:45,77567.17,0.00288,0.020229999999999998
2026-04-25 23:16:46,77567.18,0.0032,0.0032
2026-04-25 23:16:47,77567.18,0.00288,0.00359
2026-04-25 23:16:48,77567.17,0.00374,0.00774
2026-04-25 23:16:49,77567.17,0.00314,0.00792
2026-04-25 23:16:50,77567.18,0.0032,0.00288
2026-04-25 23:16:51,77573.23,0.05755,0.0028800000000000006
2026-04-25 23:16:52,77573.22,0.00288,0.01668
2026-04-25 23:16:53,77573.22,0.00288,0.0031099999999999995
2026-04-25 23:16:54,77573.23,0.0032,0.00288
2026-04-25 23:16:55,77573.23,0.00413,0.013540000000000002
2026-04-25 23:16:56,77573.22,0.00288,0.0032
2026-04-25 23:16:57,77573.23,0.08306,0.004720000000000002
2026-04-25 23:16:58,77573.23,0.00288,0.011019999999999999
2026-04-25 23:16:59,77573.22,0.00314,0.00728
2026-04-25 23:17:00,77573.23,0.01653,0.0028800000000000006
2026-04-25 23:17:01,77573.22,0.00288,0.0032
2026-04-25 23:17:02,77573.22,0.00541,0.004490000000000001
2026-04-25 23:17:03,77573.23,0.01609,0.0028800000000000006
2026-04-25 23:17:04,77573.23,0.0038,0.06288
2026-04-25 23:17:05,77573.22,0.00288,0.0032
2026-04-25 23:17:06,77573.22,0.00307,0.02008
2026-04-25 23:17:07,77573.23,0.0032,0.0029599999999999995
2026-04-25 23:17:08,77573.23,0.00288,0.00288
2026-04-25 23:17:09,77573.23,0.00288,0.00288
2026-04-25 23:17:10,77573.22,0.02017,0.003199999999999998
2026-04-25 23:17:11,77573.22,0.00295,0.00288
2026-04-25 23:17:12,77573.23,0.0032,0.00288
2026-04-25 23:17:13,77573.23,0.00288,0.00288
2026-04-25 23:17:14,77573.22,0.00288,0.00327
2026-04-25 23:17:15,77573.22,0.01255,0.002879999999999999
2026-04-25 23:17:16,77573.23,0.01237,0.009089999999999999
2026-04-25 23:17:17,77573.23,0.06233,0.003039999999999994
2026-04-25 23:17:18,77573.22,0.00288,0.0032
2026-04-25 23:17:19,77573.22,0.00288,0.00288
2026-04-25 23:17:20,77573.22,0.00288,0.00665
2026-04-25 23:17:21,77573.23,0.0032,0.00288
2026-04-25 23:17:22,77573.23,0.00344,0.00288
2026-04-25 23:17:23,77573.22,0.00438,0.0031999999999999997
2026-04-25 23:17:24,77573.22,0.06424,0.06424
2026-04-25 23:17:25,77573.23,0.0032,0.01085
2026-04-25 23:17:26,77573.23,0.00288,0.0032599999999999994
2026-04-25 23:17:27,77573.22,0.00288,0.0032
2026-04-25 23:17:28,77573.22,0.00399,0.0028800000000000006
2026-04-25 23:17:29,77573.23,0.00334,0.0028799999999999997
2026-04-25 23:17:30,77573.23,0.02144,0.0028800000000000006
2026-04-25 23:17:31,77573.22,0.00288,0.0034099999999999994
2026-04-25 23:17:32,77573.22,0.00288,0.0041600000000000005
2026-04-25 23:17:33,77573.22,0.0032,0.01216
2026-04-25 23:17:34,77573.23,0.00288,0.04155
2026-04-25 23:17:35,77573.22,0.00288,0.0032
2026-04-25 23:17:36,77573.22,0.00414,0.00302
2026-04-25 23:17:37,77573.23,0.00332,0.0028799999999999997
2026-04-25 23:17:38,77573.23,0.00632,0.0028799999999999997
2026-04-25 23:17:39,77573.22,0.00288,0.0032
2026-04-25 23:17:40,77573.22,0.00288,0.00288
2026-04-25 23:17:41,77573.23,0.00361,0.00288
2026-04-25 23:17:42,77573.23,0.00288,0.00288
2026-04-25 23:17:43,77573.22,0.00288,0.0032
2026-04-25 23:17:44,77573.22,0.00368,0.009500000000000001
2026-04-25 23:17:45,77573.22,0.00343,0.00304
2026-04-25 23:17:46,77573.23,0.01136,0.002879999999999999
2026-04-25 23:17:47,77566.18,0.06682,0.55711
2026-04-25 23:17:48,77566.18,0.00318,0.00288
2026-04-25 23:17:49,77566.19,0.0032,0.00288
2026-04-25 23:17:50,77566.19,0.00288,0.00288
2026-04-25 23:17:51,77566.18,0.00288,0.00546
2026-04-25 23:17:52,77566.18,0.00288,0.0032
2026-04-25 23:17:53,77566.19,0.00348,0.010839999999999999
2026-04-25 23:17:54,77566.19,0.00288,0.0029999999999999996
2026-04-25 23:17:55,77566.18,0.00288,0.022529999999999998
2026-04-25 23:17:56,77566.18,0.00382,0.00288
2026-04-25 23:17:57,77562.01,0.0032,1.02427
2026-04-25 23:17:58,77562.01,0.00288,0.00288
2026-04-25 23:17:59,77562.0,0.00347,0.0031999999999999997
2026-04-25 23:18:00,77562.01,0.018,0.003100000000000002
2026-04-25 23:18:01,77562.0,0.0085,0.002879999999999999
2026-04-25 23:18:02,77562.01,0.00288,0.00256
2026-04-25 23:18:03,77562.01,0.01667,0.0028800000000000006
2026-04-25 23:18:04,77562.0,0.00416,0.0032000000000000006
2026-04-25 23:18:05,77562.0,0.00288,0.00288
2026-04-25 23:18:06,77562.01,0.0032,0.00288
2026-04-25 23:18:07,77562.01,0.00288,0.00288
2026-04-25 23:18:08,77562.01,0.00288,0.00335
2026-04-25 23:18:09,77562.0,0.01357,0.0031999999999999997
2026-04-25 23:18:10,77562.0,0.00909,0.0097
2026-04-25 23:18:11,77562.01,0.0032,0.00288
2026-04-25 23:18:12,77562.01,0.00288,0.00288
2026-04-25 23:18:13,77562.0,0.00596,0.0031999999999999997
2026-04-25 23:18:14,77562.0,0.00288,0.00288
2026-04-25 23:18:15,77562.0,0.00288,0.00288
2026-04-25 23:18:16,77562.01,0.0033,0.0028799999999999997
2026-04-25 23:18:17,77562.01,0.07268,0.0028800000000000076
2026-04-25 23:18:18,77562.0,0.00739,0.0045
2026-04-25 23:18:19,77562.0,0.01121,0.0028800000000000006
2026-04-25 23:18:20,77562.01,0.01196,0.0028800000000000006
2026-04-25 23:18:21,77562.0,0.00288,0.0035999999999999995
2026-04-25 23:18:22,77562.0,0.0046,0.0033900000000000007
2026-04-25 23:18:23,77562.0,0.00479,0.0028799999999999997
2026-04-25 23:18:24,77562.01,0.00355,0.0033099999999999996
2026-04-25 23:18:25,77562.0,0.00353,0.004399999999999999
2026-04-25 23:18:26,77562.0,1.00288,0.0033199999999999896
2026-04-25 23:18:27,77562.0,0.0705,0.06439000000000002
2026-04-25 23:18:28,77562.01,0.00353,0.0028799999999999997
2026-04-25 23:18:29,77562.01,0.00363,0.0030700000000000002
2026-04-25 23:18:30,77562.01,0.00288,0.00303
2026-04-25 23:18:31,77562.0,0.00424,0.00351
2026-04-25 23:18:32,77562.0,0.00288,0.00308
2026-04-25 23:18:33,77562.01,0.0032,0.00288
2026-04-25 23:18:34,77562.01,0.008,0.0028800000000000006
2026-04-25 23:18:35,77562.0,0.00288,0.0032
2026-04-25 23:18:36,77562.0,0.00288,0.007519999999999999
2026-04-25 23:18:37,77562.01,1.00348,0.0028799999999999937
2026-04-25 23:18:38,77562.01,0.00288,0.00288
2026-04-25 23:18:39,77562.0,0.00288,0.0032
2026-04-25 23:18:40,77562.0,0.00288,0.00288
2026-04-25 23:18:41,77562.01,0.0032,0.00288
2026-04-25 23:18:42,77562.01,0.00288,0.00288
2026-04-25 23:18:43,77562.0,0.00288,0.01941
2026-04-25 23:18:44,77562.0,0.00288,0.00288
2026-04-25 23:18:45,77562.01,0.0032,0.0045000000000000005
2026-04-25 23:18:46,77562.0,0.0045,0.0032000000000000006
2026-04-25 23:18:47,77562.0,0.00288,0.00288
2026-04-25 23:18:48,77562.01,0.0032,0.00442
2026-04-25 23:18:49,77562.01,1.00288,0.003130000000000077
2026-04-25 23:18:50,77564.56,0.03602,0.0028799999999999937
2026-04-25 23:18:51,77564.55,0.00288,0.0033900000000000002
2026-04-25 23:18:52,77564.55,0.00288,0.00288
2026-04-25 23:18:53,77564.56,0.0032,0.00288
2026-04-25 23:18:54,77564.56,0.01591,0.00562
2026-04-25 23:18:55,77564.55,0.00547,0.0054399999999999995
2026-04-25 23:18:56,77564.55,0.00301,0.00288
2026-04-25 23:18:57,77564.56,0.06139,0.0028799999999999937
2026-04-25 23:18:58,77564.56,0.00288,0.0029999999999999996
2026-04-25 23:18:59,77564.55,0.00288,0.00448
2026-04-25 23:19:00,77564.55,0.00317,0.0028799999999999997
2026-04-25 23:19:01,77564.55,0.00383,0.0028799999999999997
2026-04-25 23:19:02,77564.55,0.00288,0.00312
2026-04-25 23:19:03,77564.56,0.0032,0.00288
2026-04-25 23:19:04,77564.56,0.00528,0.0028800000000000006
2026-04-25 23:19:05,77564.55,0.00288,0.004229999999999999
2026-04-25 23:19:06,77564.55,0.00288,0.00288
2026-04-25 23:19:07,77564.56,0.0032,0.00288
2026-04-25 23:19:08,77564.56,0.00288,0.00288
2026-04-25 23:19:09,77564.55,0.01597,0.003199999999999998
2026-04-25 23:19:10,77564.55,0.00323,0.00486
2026-04-25 23:19:11,77564.55,0.00574,0.00408
2026-04-25 23:19:12,77564.55,0.0,0.0
2026-04-25 23:19:13,77564.55,0.0,0.0
2026-04-25 23:19:14,77564.56,0.00046,0.00929
2026-04-25 23:19:15,77564.56,0.00761,0.0
2026-04-25 23:19:16,77564.56,0.0,0.0
2026-04-25 23:19:17,77564.55,0.06628,0.00025999999999999635
2026-04-25 23:19:18,77564.55,0.0,0.0
2026-04-25 23:19:19,77564.55,0.0,0.0
2026-04-25 23:19:20,77564.55,0.0,0.0
2026-04-25 23:19:21,77583.98,1.78112,0.00046999999999997044
2026-04-25 23:19:22,77583.97,0.00065,0.00286
2026-04-25 23:19:23,77583.98,0.00072,0.0003399999999999999
2026-04-25 23:19:24,77583.97,0.0,0.00017
2026-04-25 23:19:25,77583.97,0.0,0.01037
2026-04-25 23:19:26,77583.98,0.00045,0.0
2026-04-25 23:19:27,77583.98,0.0,0.0
2026-04-25 23:19:28,77583.98,0.00305,0.0
2026-04-25 23:19:29,77583.98,0.0,0.0
2026-04-25 23:19:30,77583.98,0.06115,0.06091
2026-04-25 23:19:31,77583.98,0.0,0.0
2026-04-25 23:19:32,77583.98,0.0,0.0
2026-04-25 23:19:33,77583.98,0.0,0.0
2026-04-25 23:19:34,77583.98,0.00251,0.0017400000000000002
2026-04-25 23:19:35,77583.98,0.0,0.0
2026-04-25 23:19:36,77583.98,0.00198,0.010759999999999999
2026-04-25 23:19:37,77583.98,0.0,0.0
2026-04-25 23:19:38,77595.22,0.40179,0.00010999999999999899
2026-04-25 23:19:39,77595.22,0.0,0.24204
2026-04-25 23:19:40,77595.22,0.0,0.00401
2026-04-25 23:19:41,77595.22,0.0,0.00098
2026-04-25 23:19:42,77595.22,0.0,0.0
2026-04-25 23:19:43,77595.22,0.0,0.00057
2026-04-25 23:19:44,77595.23,0.0007,0.0
2026-04-25 23:19:45,77595.22,0.0,0.0007
2026-04-25 23:19:46,77595.23,0.0001,0.00126
2026-04-25 23:19:47,77595.23,0.0,0.0
2026-04-25 23:19:48,77595.22,0.00742,0.05495
2026-04-25 23:19:49,77595.23,0.03,0.0
2026-04-25 23:19:50,77595.23,0.0,0.0
2026-04-25 23:19:51,77595.23,0.0,0.0
2026-04-25 23:19:52,77595.23,0.18315,0.0
2026-04-25 23:19:53,77595.23,0.0,0.0
2026-04-25 23:19:54,77595.23,0.0,0.0
2026-04-25 23:19:55,77595.23,0.0,0.0
2026-04-25 23:19:56,77595.23,0.01494,0.0
2026-04-25 23:19:57,77595.23,7e-05,0.0
2026-04-25 23:19:58,77595.23,0.0,0.0
2026-04-25 23:19:59,77596.92,0.11529,7.999999999999674e-05
2026-04-25 23:20:00,77598.04,0.04324,0.032369999999999996
2026-04-25 23:20:01,77598.03,0.0,0.0002
2026-04-25 23:20:02,77598.03,0.0,0.00105
2026-04-25 23:20:03,77598.03,0.0,0.00198
2026-04-25 23:20:04,77597.24,0.1281,0.01507
2026-04-25 23:20:05,77597.24,0.0,0.0
2026-04-25 23:20:06,77597.13,0.0,0.01049
2026-04-25 23:20:07,77595.24,0.00064,0.0
2026-04-25 23:20:08,77595.23,9e-05,0.00045
2026-04-25 23:20:09,77595.23,0.00471,0.00809
2026-04-25 23:20:10,77595.23,0.00174,0.0008200000000000002
2026-04-25 23:20:11,77595.24,0.00197,0.0
2026-04-25 23:20:12,77592.05,0.00128,0.12581
2026-04-25 23:20:13,77591.85,0.0,0.02024
2026-04-25 23:20:14,77591.85,0.0,0.0
2026-04-25 23:20:15,77591.85,0.00089,0.0044399999999999995
2026-04-25 23:20:16,77578.6,0.0,0.23372
2026-04-25 23:20:17,77578.61,0.07913,0.0
2026-04-25 23:20:18,77578.61,0.00029,0.0
2026-04-25 23:20:19,77578.6,0.00045,0.0005899999999999999
2026-04-25 23:20:20,77578.6,0.0,0.0
2026-04-25 23:20:21,77578.6,0.0,0.0
2026-04-25 23:20:22,77578.61,0.009,0.0
2026-04-25 23:20:23,77578.6,0.0,0.00197
2026-04-25 23:20:24,77578.6,0.0,0.00973
2026-04-25 23:20:25,77578.61,0.00029,0.006699999999999999
2026-04-25 23:20:26,77578.61,0.00308,0.0
2026-04-25 23:20:27,77578.61,0.00013,0.0
2026-04-25 23:20:28,77578.61,0.00063,0.0
2026-04-25 23:20:29,77578.61,0.0,0.0
2026-04-25 23:20:30,77578.61,0.0,0.0
2026-04-25 23:20:31,77578.61,0.00197,0.00854
2026-04-25 23:20:32,77578.6,0.06075,0.06075
2026-04-25 23:20:33,77578.61,0.00026,0.0
2026-04-25 23:20:34,77578.61,0.00071,0.0
2026-04-25 23:20:35,77578.61,0.0,0.0
2026-04-25 23:20:36,77578.6,0.0,0.00024
2026-04-25 23:20:37,77578.6,0.00095,0.00054
2026-04-25 23:20:38,77578.61,0.00138,0.00266
2026-04-25 23:20:39,77578.61,0.0,0.0
2026-04-25 23:20:40,77578.6,0.0,0.00627
2026-04-25 23:20:41,77578.6,0.0,0.0
2026-04-25 23:20:42,77578.61,0.00012,0.0
2026-04-25 23:20:43,77578.61,0.00034,0.0
2026-04-25 23:20:44,77578.61,0.0,0.0
2026-04-25 23:20:45,77578.61,0.0,0.0
2026-04-25 23:20:46,77578.61,0.0,0.0
2026-04-25 23:20:47,77578.61,0.0,0.0
2026-04-25 23:20:48,77578.61,0.00251,0.0
2026-04-25 23:20:49,77578.6,0.0,0.01144
2026-04-25 23:20:50,77578.6,0.0,0.0
2026-04-25 23:20:51,77578.6,0.0,0.00046
2026-04-25 23:20:52,77578.6,0.0,0.0
2026-04-25 23:20:53,77578.6,0.0,0.0
2026-04-25 23:20:54,77578.6,0.0,0.00025
2026-04-25 23:20:55,77578.6,0.0,0.0
2026-04-25 23:20:56,77578.6,0.0,0.0
2026-04-25 23:20:57,77578.61,0.06576,0.0
2026-04-25 23:20:58,77578.6,0.00096,0.00101
2026-04-25 23:20:59,77578.6,0.0,0.0
2026-04-25 23:21:00,77578.6,0.0,0.0
2026-04-25 23:21:01,77578.6,0.00017,0.00108
2026-04-25 23:21:02,77578.61,0.0003,0.0005200000000000001
2026-04-25 23:21:03,77578.6,0.0,0.00475
2026-04-25 23:21:04,77578.6,0.0,0.0
2026-04-25 23:21:05,77578.61,7e-05,0.0
2026-04-25 23:21:06,77578.6,0.0,0.0029
2026-04-25 23:21:07,77578.6,0.0,0.0
2026-04-25 23:21:08,77578.61,0.00068,0.0
2026-04-25 23:21:09,77578.61,0.0,0.0
2026-04-25 23:21:10,77578.61,0.0,0.0
2026-04-25 23:21:11,77578.6,0.0,0.00909
2026-04-25 23:21:12,77578.6,0.0,0.00768
2026-04-25 23:21:13,77578.6,0.0,0.0
2026-04-25 23:21:14,77578.6,0.0,0.0
2026-04-25 23:21:15,77578.61,0.01771,0.0
2026-04-25 23:21:16,77578.6,0.0,0.00032
2026-04-25 23:21:17,77578.61,0.05652,0.0
2026-04-25 23:21:18,77578.61,0.00013,0.0
2026-04-25 23:21:19,77578.61,0.0,0.0
2026-04-25 23:21:20,77578.6,0.0,0.01946
2026-04-25 23:21:21,77578.61,0.00079,0.0
2026-04-25 23:21:22,77578.61,0.00053,0.0
2026-04-25 23:21:23,77578.61,0.0,0.0
2026-04-25 23:21:24,77578.61,0.0,0.0
2026-04-25 23:21:25,77578.6,0.0,0.0052
2026-04-25 23:21:26,77578.6,0.0,0.0
2026-04-25 23:21:27,77578.6,0.0,0.0
2026-04-25 23:21:28,77578.6,0.0,0.0
2026-04-25 23:21:29,77578.6,0.0,0.0
2026-04-25 23:21:30,77578.61,2.0,0.0
2026-04-25 23:21:31,77578.6,0.0,0.00046
2026-04-25 23:21:32,77578.6,0.0,0.0
2026-04-25 23:21:33,77578.6,0.0,0.0
2026-04-25 23:21:34,77578.61,0.00025,0.0
2026-04-25 23:21:35,77578.6,0.06214,0.06057
2026-04-25 23:21:36,77578.6,0.0,0.0
2026-04-25 23:21:37,77578.6,0.0,0.0
2026-04-25 23:21:38,77578.6,0.0,0.0
2026-04-25 23:21:39,77578.6,0.0,0.00011
2026-04-25 23:21:40,77578.6,0.0,0.00052
2026-04-25 23:21:41,77578.6,0.0,0.0
2026-04-25 23:21:42,77578.61,0.00168,0.0
2026-04-25 23:21:43,77578.61,0.0,0.0
2026-04-25 23:21:44,77578.6,0.0,0.00257
2026-04-25 23:21:45,77578.6,0.0,0.0
2026-04-25 23:21:46,77578.6,0.0,0.0
2026-04-25 23:21:47,77578.6,0.0512,0.00023999999999999716
2026-04-25 23:21:48,77578.6,0.0,0.0
2026-04-25 23:21:49,77578.61,0.13001,0.00021000000000001573
2026-04-25 23:21:50,77578.61,0.0,0.0
2026-04-25 23:21:51,77578.61,0.0,0.0
2026-04-25 23:21:52,77578.61,0.0,0.0
2026-04-25 23:21:53,77578.61,0.0,0.0
2026-04-25 23:21:54,77578.61,0.0,0.0
2026-04-25 23:21:55,77578.6,0.0,0.00014
2026-04-25 23:21:56,77578.6,0.0,0.0
2026-04-25 23:21:57,77578.6,0.0,0.0
2026-04-25 23:21:58,77578.6,0.0,0.0
2026-04-25 23:21:59,77578.61,0.00021,0.0
2026-04-25 23:22:00,77578.61,0.01079,0.010750000000000001
2026-04-25 23:22:01,77578.6,0.0,0.00059
2026-04-25 23:22:02,77578.61,0.00027,0.0
2026-04-25 23:22:03,77578.6,9e-05,0.00039
2026-04-25 23:22:04,77578.61,0.00012,0.0
2026-04-25 23:22:05,77578.61,0.0,0.0
2026-04-25 23:22:06,77578.61,0.0,0.0
2026-04-25 23:22:07,77578.61,0.0,0.0
2026-04-25 23:22:08,77578.6,0.0,0.00031
2026-04-25 23:22:09,77578.6,0.00017,0.00027
2026-04-25 23:22:10,77578.6,0.0,0.0
2026-04-25 23:22:11,77578.61,0.00036,0.0
2026-04-25 23:22:12,77578.62,1.39187,0.0
2026-04-25 23:22:13,77579.02,0.0036,0.0029300000000000003
2026-04-25 23:22:14,77579.02,0.0,0.0
2026-04-25 23:22:15,77579.02,0.0,0.0
2026-04-25 23:22:16,77579.03,0.00079,0.0035900000000000003
2026-04-25 23:22:17,77579.03,0.07393,0.0
2026-04-25 23:22:18,77579.03,0.0,0.0
2026-04-25 23:22:19,77579.03,0.0,0.0
2026-04-25 23:22:20,77579.03,0.00071,0.0
2026-04-25 23:22:21,77579.03,0.00056,0.0
2026-04-25 23:22:22,77579.03,0.001,0.012650000000000002
2026-04-25 23:22:23,77579.03,0.0,0.0
2026-04-25 23:22:24,77579.03,0.00439,0.0
2026-04-25 23:22:25,77579.03,0.0,0.0
2026-04-25 23:22:26,77579.02,0.0,0.00478
2026-04-25 23:22:27,77579.03,0.00225,0.0
2026-04-25 23:22:28,77579.03,0.0,0.0
2026-04-25 23:22:29,77579.03,0.00081,0.00859
2026-04-25 23:22:30,77579.02,0.0,0.02
2026-04-25 23:22:31,77572.79,0.0,0.66724
2026-04-25 23:22:32,77572.79,0.0,0.0
2026-04-25 23:22:33,77572.79,0.0,0.0
2026-04-25 23:22:34,77572.79,0.0,0.0
2026-04-25 23:22:35,77572.78,0.0,0.00025
2026-04-25 23:22:36,77572.78,0.0,0.0009
2026-04-25 23:22:37,77572.78,6e-05,0.00045999999999999996
2026-04-25 23:22:38,77572.78,0.0604,0.06073
2026-04-25 23:22:39,77572.78,0.0,0.0
2026-04-25 23:22:40,77572.79,0.00026,0.0
2026-04-25 23:22:41,77572.78,0.0,0.00811
2026-04-25 23:22:42,77572.78,0.0,0.0
2026-04-25 23:22:43,77572.78,0.0,0.0
2026-04-25 23:22:44,77572.79,0.00015,0.0
2026-04-25 23:22:45,77572.79,0.0,0.0
2026-04-25 23:22:46,77572.78,0.0,0.00127
2026-04-25 23:22:47,77572.78,0.00107,0.00957
2026-04-25 23:22:48,77572.78,0.0,0.0
2026-04-25 23:22:49,77572.78,0.05436,0.00039000000000000146
2026-04-25 23:22:50,77572.78,0.0,0.0
2026-04-25 23:22:51,77572.78,0.0,0.00465
2026-04-25 23:22:52,77572.78,0.0,0.0
2026-04-25 23:22:53,77572.78,0.0,0.0
2026-04-25 23:22:54,77572.78,0.0,0.0
2026-04-25 23:22:55,77572.79,0.00089,0.0
2026-04-25 23:22:56,77572.78,0.0,0.00069
2026-04-25 23:22:57,77572.79,0.03248,0.0
2026-04-25 23:22:58,77572.79,0.0,0.0
2026-04-25 23:22:59,77572.78,0.00158,0.00026000000000000003
2026-04-25 23:23:00,77572.79,0.01628,0.0
2026-04-25 23:23:01,77572.79,0.00057,0.0
2026-04-25 23:23:02,77572.79,0.0,0.0
2026-04-25 23:23:03,77572.78,1.0,8.999999999992347e-05
2026-04-25 23:23:04,77572.79,9e-05,0.0025700000000000002
2026-04-25 23:23:05,77572.78,0.0,0.00012
2026-04-25 23:23:06,77572.78,0.0,0.0
2026-04-25 23:23:07,77572.78,0.0,0.0014
2026-04-25 23:23:08,77572.79,0.00012,0.00015000000000000001
2026-04-25 23:23:09,77572.79,0.00074,0.0
2026-04-25 23:23:10,77572.78,0.00029,0.0009000000000000001
2026-04-25 23:23:11,77572.78,0.0,0.0
2026-04-25 23:23:12,77572.78,0.0,0.0
2026-04-25 23:23:13,77572.78,0.0,0.0
2026-04-25 23:23:14,77572.78,0.0,0.00012
2026-04-25 23:23:15,77572.78,0.0,0.0
2026-04-25 23:23:16,77572.79,0.00024,0.0
2026-04-25 23:23:17,77572.78,0.0316,0.01072
2026-04-25 23:23:18,77572.78,0.0,0.00036
2026-04-25 23:23:19,77572.78,0.0,0.0
2026-04-25 23:23:20,77572.78,0.0,0.0
2026-04-25 23:23:21,77572.79,0.00031,0.0
2026-04-25 23:23:22,77572.79,0.00051,0.00011999999999999999
2026-04-25 23:23:23,77572.78,0.0,0.0011
2026-04-25 23:23:24,77572.79,0.00012,0.00113
2026-04-25 23:23:25,77572.79,0.0,0.0
2026-04-25 23:23:26,77572.79,0.0,0.0
2026-04-25 23:23:27,77572.79,0.0005,0.0
2026-04-25 23:23:28,77572.78,0.0,0.00011
2026-04-25 23:23:29,77572.79,0.00019,0.00019
2026-04-25 23:23:30,77572.78,0.0,0.02196
2026-04-25 23:23:31,77572.78,0.0,0.0
2026-04-25 23:23:32,77572.79,0.00012,0.0
2026-04-25 23:23:33,77572.78,0.0,0.00127
2026-04-25 23:23:34,77572.78,0.0,0.00102
2026-04-25 23:23:35,77572.79,0.0001,0.0
2026-04-25 23:23:36,77572.79,0.0,0.0
2026-04-25 23:23:37,77572.78,0.0,0.00331
2026-04-25 23:23:38,77572.78,0.0,0.00025
2026-04-25 23:23:39,77572.79,0.00147,0.0
2026-04-25 23:23:40,77572.79,0.00433,0.00019000000000000006
2026-04-25 23:23:41,77572.78,0.06031,0.060189999999999994
2026-04-25 23:23:42,77572.79,0.00038,0.0
2026-04-25 23:23:43,77572.79,0.0,0.0
2026-04-25 23:23:44,77572.78,0.0,0.00583
2026-04-25 23:23:45,77572.79,9e-05,0.0
2026-04-25 23:23:46,77572.78,0.0,0.00037
2026-04-25 23:23:47,77572.78,0.04664,0.004400000000000001
2026-04-25 23:23:48,77572.78,0.0,0.0
2026-04-25 23:23:49,77572.78,0.00012,8e-05
2026-04-25 23:23:50,77572.78,0.0,0.0067
2026-04-25 23:23:51,77572.79,0.00744,0.0
2026-04-25 23:23:52,77572.79,0.0,0.0
2026-04-25 23:23:53,77572.79,0.0,0.0
2026-04-25 23:23:54,77572.78,0.00741,0.0014599999999999995
2026-04-25 23:23:55,77572.78,0.0,7e-05
2026-04-25 23:23:56,77572.78,0.0,0.0
2026-04-25 23:23:57,77572.79,1.053,0.0
2026-04-25 23:23:58,77572.79,0.00021,0.00014
2026-04-25 23:23:59,77572.78,0.0,0.00375
2026-04-25 23:24:00,77572.78,0.00129,0.0012799999999999999
2026-04-25 23:24:01,77572.78,0.0,0.0
2026-04-25 23:24:02,77572.78,0.0,0.0
2026-04-25 23:24:03,77572.78,0.0,0.00096
2026-04-25 23:24:04,77572.78,0.0,0.0
2026-04-25 23:24:05,77568.0,0.0,0.15172
2026-04-25 23:24:06,77568.01,0.00717,0.0
2026-04-25 23:24:07,77568.01,2.0,0.0
2026-04-25 23:24:08,77568.0,0.0,0.00243
2026-04-25 23:24:09,77568.0,0.00013,0.00304
2026-04-25 23:24:10,77568.01,7e-05,0.0
2026-04-25 23:24:11,77568.01,0.00434,0.0
2026-04-25 23:24:12,77568.01,0.0,0.0
2026-04-25 23:24:13,77568.01,0.00069,0.0
2026-04-25 23:24:14,77568.01,0.00179,0.0
2026-04-25 23:24:15,77568.01,0.0,0.0
2026-04-25 23:24:16,77568.01,0.0,0.0
2026-04-25 23:24:17,77568.01,0.08921,0.0
2026-04-25 23:24:18,77568.0,0.00019,0.00015000000000000001
2026-04-25 23:24:19,77568.0,0.0,0.0
2026-04-25 23:24:20,77568.0,0.0,0.0
2026-04-25 23:24:21,77568.0,0.0,0.0004
2026-04-25 23:24:22,77568.01,0.00071,0.0
2026-04-25 23:24:23,77568.01,0.0,0.0
2026-04-25 23:24:24,77568.01,0.0,0.0
2026-04-25 23:24:25,77568.01,0.0,0.0
2026-04-25 23:24:26,77568.0,0.0,0.00027
2026-04-25 23:24:27,77568.01,0.00304,0.0
2026-04-25 23:24:28,77568.02,1.58052,0.0
2026-04-25 23:24:29,77568.17,0.00019,0.0
2026-04-25 23:24:30,77568.17,0.0,0.0
2026-04-25 23:24:31,77568.17,0.0,0.0
2026-04-25 23:24:32,77568.17,0.0,0.0
2026-04-25 23:24:33,77568.16,0.0,0.00839
2026-04-25 23:24:34,77568.16,0.0,0.00033
2026-04-25 23:24:35,77568.16,0.0,0.0
2026-04-25 23:24:36,77568.17,0.00052,0.0
2026-04-25 23:24:37,77568.17,0.0,0.0
2026-04-25 23:24:38,77568.17,0.0,0.0
2026-04-25 23:24:39,77589.49,0.81199,0.51122
2026-04-25 23:24:40,77589.49,0.0,0.0
2026-04-25 23:24:41,77589.49,0.0,0.0
2026-04-25 23:24:42,77589.49,0.0,0.0
2026-04-25 23:24:43,77603.03,0.34659,0.0
2026-04-25 23:24:44,77603.03,0.00012,0.0063
2026-04-25 23:24:45,77605.79,0.08317,0.061
2026-04-25 23:24:46,77605.79,0.0,0.00402
2026-04-25 23:24:47,77605.8,0.00015,0.0
2026-04-25 23:24:48,77605.8,0.0003,0.0007100000000000001
2026-04-25 23:24:49,77605.8,0.0003,0.0
2026-04-25 23:24:50,77605.79,0.0,0.01913
2026-04-25 23:24:51,77605.79,0.0,0.0
2026-04-25 23:24:52,77605.8,0.00012,0.0025800000000000003
2026-04-25 23:24:53,77605.79,0.0,0.0008
2026-04-25 23:24:54,77605.79,0.0,0.0
2026-04-25 23:24:55,77605.79,0.00045,0.00654
2026-04-25 23:24:56,77605.79,0.0,0.0
2026-04-25 23:24:57,77605.79,0.0,0.0
2026-04-25 23:24:58,77605.79,0.0,0.00205
2026-04-25 23:24:59,77605.79,0.0,0.0021
2026-04-25 23:25:00,77584.01,0.00398,4.83794
2026-04-25 23:25:01,77584.0,0.0,0.00012
2026-04-25 23:25:02,77584.0,0.00054,0.00891
2026-04-25 23:25:03,77584.01,0.00161,0.0
2026-04-25 23:25:04,77584.01,0.00367,0.0
2026-04-25 23:25:05,77584.01,0.0,0.0
2026-04-25 23:25:06,77584.0,0.00027,0.00056
2026-04-25 23:25:07,77584.0,0.0,0.0
2026-04-25 23:25:08,77584.0,0.0,0.00031
2026-04-25 23:25:09,77584.0,0.0,0.0
2026-04-25 23:25:10,77584.01,0.00188,0.0
2026-04-25 23:25:11,77584.01,0.00051,0.00011999999999999999
2026-04-25 23:25:12,77584.01,0.0,0.0
2026-04-25 23:25:13,77584.01,0.00902,0.000279999999999999
2026-04-25 23:25:14,77584.01,0.0,0.0
2026-04-25 23:25:15,77584.01,0.00033,0.0
2026-04-25 23:25:16,77584.01,0.00049,0.0
2026-04-25 23:25:17,77584.01,0.03151,0.0
2026-04-25 23:25:18,77584.01,0.00097,0.0
2026-04-25 23:25:19,77584.0,0.0,0.00012
2026-04-25 23:25:20,77584.0,0.0,0.0
2026-04-25 23:25:21,77584.01,0.00012,0.0
2026-04-25 23:25:22,77584.01,0.00389,0.0
2026-04-25 23:25:23,77584.0,0.0,0.00718
2026-04-25 23:25:24,77584.0,0.00024,0.0007700000000000001
2026-04-25 23:25:25,77584.0,0.0,0.00994
2026-04-25 23:25:26,77584.0,0.0,0.0
2026-04-25 23:25:27,77584.0,0.0,0.0
2026-04-25 23:25:28,77584.0,0.0,0.0
2026-04-25 23:25:29,77584.0,0.0,0.0
2026-04-25 23:25:30,77584.01,0.02129,0.0
2026-04-25 23:25:31,77584.0,0.0,0.00027
2026-04-25 23:25:32,77584.01,0.03245,0.0
2026-04-25 23:25:33,77584.01,0.03191,0.0
2026-04-25 23:25:34,77584.01,0.00032,0.0
2026-04-25 23:25:35,77584.0,0.0,0.00012
2026-04-25 23:25:36,77584.0,0.0,0.03188
2026-04-25 23:25:37,77584.0,0.00012,0.00069
2026-04-25 23:25:38,77584.0,0.0,0.0
2026-04-25 23:25:39,77584.0,0.0,0.00023
2026-04-25 23:25:40,77584.0,0.0,0.0
2026-04-25 23:25:41,77584.01,0.00032,0.0
2026-04-25 23:25:42,77584.01,0.0,0.0
2026-04-25 23:25:43,77584.0,0.0,0.00012
2026-04-25 23:25:44,77584.0,0.0,0.00053
2026-04-25 23:25:45,77584.01,0.00114,0.005039999999999999
2026-04-25 23:25:46,77584.0,0.0,0.21167
2026-04-25 23:25:47,77584.48,1.86144,0.0
2026-04-25 23:25:48,77584.47,0.0,0.06049
2026-04-25 23:25:49,77584.47,0.0,0.0
2026-04-25 23:25:50,77584.47,0.0,0.00032
2026-04-25 23:25:51,77584.47,0.0,0.0
2026-04-25 23:25:52,77584.48,0.00057,0.0
2026-04-25 23:25:53,77584.48,0.00032,0.0
2026-04-25 23:25:54,77584.48,0.12798,0.0
2026-04-25 23:25:55,77584.48,0.00021,0.0031899999999999997
2026-04-25 23:25:56,77584.48,0.0,0.0
2026-04-25 23:25:57,77584.47,0.0,0.00032
2026-04-25 23:25:58,77584.47,0.0,0.00198
2026-04-25 23:25:59,77584.47,0.0,0.0
2026-04-25 23:26:00,77584.48,0.00032,0.0
2026-04-25 23:26:01,77584.48,0.0,0.0
2026-04-25 23:26:02,77584.47,0.0,0.00071
2026-04-25 23:26:03,77584.47,0.0,0.00185
2026-04-25 23:26:04,77584.47,0.0,0.0
2026-04-25 23:26:05,77584.47,0.0,0.01367
2026-04-25 23:26:06,77584.54,1.54148,0.007330000000000059
2026-04-25 23:26:07,77584.54,0.07584,0.0
2026-04-25 23:26:08,77584.53,0.0,0.00032
2026-04-25 23:26:09,77584.53,0.0,0.0
2026-04-25 23:26:10,77584.53,0.0,0.0
2026-04-25 23:26:11,77584.53,0.0,0.0
2026-04-25 23:26:12,77584.53,0.0,0.00488
2026-04-25 23:26:13,77584.53,0.0,0.0
2026-04-25 23:26:14,77578.25,0.00129,1.0437
2026-04-25 23:26:15,77578.25,0.0,0.00014
2026-04-25 23:26:16,77578.25,0.00015,0.12943
2026-04-25 23:26:17,77578.26,0.06866,0.00032000000000000084
2026-04-25 23:26:18,77578.25,0.0,0.00887
2026-04-25 23:26:19,77578.25,0.00262,0.00593
2026-04-25 23:26:20,77578.26,0.00044,0.013300000000000001
2026-04-25 23:26:21,77578.26,0.00171,0.00035000000000000027
2026-04-25 23:26:22,77578.25,0.0,0.00032
2026-04-25 23:26:23,77578.26,0.00091,0.0
2026-04-25 23:26:24,77578.25,0.0,0.02707
2026-04-25 23:26:25,77578.26,0.00012,0.0
2026-04-25 23:26:26,77578.26,0.0,0.0
2026-04-25 23:26:27,77578.26,0.00032,0.0
2026-04-25 23:26:28,77578.25,0.0,0.00033
2026-04-25 23:26:29,77578.25,0.0,0.00043
2026-04-25 23:26:30,77578.25,0.0,0.0
2026-04-25 23:26:31,77578.26,0.0013,0.0
2026-04-25 23:26:32,77578.26,0.0,0.0
2026-04-25 23:26:33,77578.25,6e-05,0.00038
2026-04-25 23:26:34,77578.27,2.79952,0.0
2026-04-25 23:26:35,77578.65,0.00102,0.0
2026-04-25 23:26:36,77578.65,0.00027,0.0
2026-04-25 23:26:37,77578.65,0.00032,0.12028
2026-04-25 23:26:38,77578.64,0.0,0.0003
2026-04-25 23:26:39,77578.64,0.0,0.00043
2026-04-25 23:26:40,77578.65,7e-05,0.0
2026-04-25 23:26:41,77578.65,0.0,0.0
2026-04-25 23:26:42,77578.65,0.00011,0.0
2026-04-25 23:26:43,77578.65,0.0,0.0
2026-04-25 23:26:44,77578.65,0.0,0.0
2026-04-25 23:26:45,77578.65,0.0,0.0
2026-04-25 23:26:46,77578.64,0.0,0.00088
2026-04-25 23:26:47,77578.65,0.04139,0.00010999999999999899
2026-04-25 23:26:48,77578.65,0.0,0.0
2026-04-25 23:26:49,77578.65,0.00011,0.0
2026-04-25 23:26:50,77578.65,0.05961,0.0014099999999999946
2026-04-25 23:26:51,77578.64,0.0,0.05961
2026-04-25 23:26:52,77578.64,0.0,0.0
2026-04-25 23:26:53,77578.64,0.0,0.00211
2026-04-25 23:26:54,77578.64,0.0,0.00011
2026-04-25 23:26:55,77578.65,0.00064,0.00037
2026-04-25 23:26:56,77578.65,0.0,0.0
2026-04-25 23:26:57,77578.64,0.00011,0.0025700000000000002
2026-04-25 23:26:58,77578.64,0.0,0.00401
2026-04-25 23:26:59,77578.64,0.0,0.00078
2026-04-25 23:27:00,77578.65,0.03085,0.0
2026-04-25 23:27:01,77578.65,0.02566,0.0
2026-04-25 23:27:02,77578.64,0.0,0.00047
2026-04-25 23:27:03,77578.64,0.0,0.0
2026-04-25 23:27:04,77578.65,0.00098,0.00011000000000000007
2026-04-25 23:27:05,77578.65,0.00012,0.0
2026-04-25 23:27:06,77578.65,0.00011,0.0013399999999999998
2026-04-25 23:27:07,77578.65,0.0,0.0
2026-04-25 23:27:08,77578.65,0.0,0.0
2026-04-25 23:27:09,77578.64,0.0,0.0011
2026-04-25 23:27:10,77578.64,0.0,0.0
2026-04-25 23:27:11,77578.64,0.0,0.00011
2026-04-25 23:27:12,77578.64,0.0,0.0
2026-04-25 23:27:13,77578.64,0.0,0.00255
2026-04-25 23:27:14,77578.64,0.0,9e-05
2026-04-25 23:27:15,77578.64,0.0,0.00184
2026-04-25 23:27:16,77578.64,0.0,0.0
2026-04-25 23:27:17,77578.65,0.04152,0.0
2026-04-25 23:27:18,77578.65,0.0,0.0
2026-04-25 23:27:19,77578.65,0.0,0.0
2026-04-25 23:27:20,77578.65,0.0,0.0
2026-04-25 23:27:21,77578.64,0.0,0.00014
2026-04-25 23:27:22,77578.64,0.0,0.0
2026-04-25 23:27:23,77578.64,0.0,0.0
2026-04-25 23:27:24,77578.64,0.0,0.0
2026-04-25 23:27:25,77578.64,0.0,0.0
2026-04-25 23:27:26,77578.64,0.0,0.0
2026-04-25 23:27:27,77578.65,0.00014,0.0
2026-04-25 23:27:28,77578.65,0.00012,0.0
2026-04-25 23:27:29,77578.65,0.00027,0.0013499999999999999
2026-04-25 23:27:30,77578.64,0.0,0.00028
2026-04-25 23:27:31,77578.64,0.0,0.0
2026-04-25 23:27:32,77578.64,0.0,0.00152
2026-04-25 23:27:33,77578.65,0.00256,0.0
2026-04-25 23:27:34,77578.65,0.0,0.0
2026-04-25 23:27:35,77578.65,0.0,0.0
2026-04-25 23:27:36,77578.65,0.0,0.0
2026-04-25 23:27:37,77578.65,0.0002,0.0
2026-04-25 23:27:38,77578.65,0.0,0.0
2026-04-25 23:27:39,77578.65,0.00033,0.0
2026-04-25 23:27:40,77578.65,0.0,0.0
2026-04-25 23:27:41,77578.65,0.0,0.0
2026-04-25 23:27:42,77578.64,0.0,0.00454
2026-04-25 23:27:43,77578.64,0.0,0.00063
2026-04-25 23:27:44,77578.64,0.0,0.0
2026-04-25 23:27:45,77578.65,0.00017,0.0
2026-04-25 23:27:46,77578.65,0.0,0.0
2026-04-25 23:27:47,77580.55,0.04447,0.0
2026-04-25 23:27:48,77580.55,0.0,0.0
2026-04-25 23:27:49,77580.54,0.0,0.01056
2026-04-25 23:27:50,77580.55,0.00033,0.0
2026-04-25 23:27:51,77580.55,0.0,0.0
2026-04-25 23:27:52,77580.54,0.0,0.00102
2026-04-25 23:27:53,77580.54,0.05944,0.06444
2026-04-25 23:27:54,77580.54,0.0,0.0
2026-04-25 23:27:55,77580.54,0.0,0.0
2026-04-25 23:27:56,77580.55,0.00043,0.0
2026-04-25 23:27:57,77580.55,0.0,0.0
2026-04-25 23:27:58,77580.55,9e-05,0.0
2026-04-25 23:27:59,77580.54,0.0,0.0001
2026-04-25 23:28:00,77580.55,0.0071,0.0
2026-04-25 23:28:01,77580.55,0.0,0.0
2026-04-25 23:28:02,77580.55,0.0,0.0
2026-04-25 23:28:03,77580.55,1.00044,0.0002500000000000835
2026-04-25 23:28:04,77580.55,0.00053,0.0
2026-04-25 23:28:05,77580.55,0.00013,0.0
2026-04-25 23:28:06,77580.54,0.0,0.00426
2026-04-25 23:28:07,77580.54,0.0,0.00049
2026-04-25 23:28:08,77580.55,0.00017,0.0
2026-04-25 23:28:09,77580.54,0.0,0.00109
2026-04-25 23:28:10,77580.54,0.0,0.00031
2026-04-25 23:28:11,77580.54,0.0,0.01057
2026-04-25 23:28:12,77580.54,0.00391,0.04457
2026-04-25 23:28:13,77580.56,0.76865,0.0
2026-04-25 23:28:14,77580.56,0.0,0.0
2026-04-25 23:28:15,77580.8,0.0,0.00257
2026-04-25 23:28:16,77580.8,0.0,0.0
2026-04-25 23:28:17,77580.81,0.08611,0.0
2026-04-25 23:28:18,77580.8,0.0,1.45946
2026-04-25 23:28:19,77580.8,0.0,0.00038
2026-04-25 23:28:20,77580.8,0.0,0.73161
2026-04-25 23:28:21,77580.8,0.0,0.0
2026-04-25 23:28:22,77580.81,0.00109,0.0
2026-04-25 23:28:23,77580.81,0.00045,0.03849
2026-04-25 23:28:24,77580.8,0.0,0.0064
2026-04-25 23:28:25,77580.8,0.0,0.00359
2026-04-25 23:28:26,77580.8,0.0,0.00955
2026-04-25 23:28:27,77580.8,0.0,0.0
2026-04-25 23:28:28,77580.81,0.0024,0.0
2026-04-25 23:28:29,77580.81,0.00019,0.01637
2026-04-25 23:28:30,77580.81,0.0,0.0
2026-04-25 23:28:31,77580.81,0.0,0.0
2026-04-25 23:28:32,77580.81,1.0,0.0
2026-04-25 23:28:33,77580.81,0.0,0.0
2026-04-25 23:28:34,77580.81,0.00092,0.0
2026-04-25 23:28:35,77580.8,0.0001,0.00058
2026-04-25 23:28:36,77580.81,0.00052,9.000000000000002e-05
2026-04-25 23:28:37,77580.81,0.0,0.0
2026-04-25 23:28:38,77580.8,0.0,0.00226
2026-04-25 23:28:39,77580.8,0.0,0.0
2026-04-25 23:28:40,77580.8,0.0,0.0
2026-04-25 23:28:41,77580.82,0.44255,0.0
2026-04-25 23:28:42,77580.82,0.0,0.0
2026-04-25 23:28:43,77580.98,0.0,0.00397
2026-04-25 23:28:44,77580.99,0.0215,0.0
2026-04-25 23:28:45,77580.98,0.00015,0.0002
2026-04-25 23:28:46,77580.98,0.0,0.0
2026-04-25 23:28:47,77585.47,0.05816,0.0
2026-04-25 23:28:48,77585.47,0.0,0.0
2026-04-25 23:28:49,77585.47,0.0,0.0
2026-04-25 23:28:50,77585.47,0.0,0.0
2026-04-25 23:28:51,77585.46,0.0,0.00163
2026-04-25 23:28:52,77588.55,0.04216,0.0003899999999999945
2026-04-25 23:28:53,77588.55,0.0,0.0
2026-04-25 23:28:54,77588.56,0.0103,0.0
2026-04-25 23:28:55,77588.56,0.00016,0.00020999999999999998
2026-04-25 23:28:56,77588.55,0.05972,0.06411
2026-04-25 23:28:57,77588.55,0.0,0.0
2026-04-25 23:28:58,77588.55,0.0,0.0
2026-04-25 23:28:59,77588.56,0.00028,0.0
2026-04-25 23:29:00,77588.56,0.00179,0.0
2026-04-25 23:29:01,77588.55,9e-05,0.0029100000000000003
2026-04-25 23:29:02,77588.56,0.06028,0.0
2026-04-25 23:29:03,77588.56,0.00012,0.00015000000000000001
2026-04-25 23:29:04,77588.56,0.0,0.0
2026-04-25 23:29:05,77588.56,0.00118,0.00010000000000000005
2026-04-25 23:29:06,77588.56,0.0,0.0
2026-04-25 23:29:07,77588.56,0.0,0.0
2026-04-25 23:29:08,77588.56,0.00701,0.0
2026-04-25 23:29:09,77588.56,0.0,0.0
2026-04-25 23:29:10,77588.55,0.0,0.00018
2026-04-25 23:29:11,77588.56,0.00644,0.00024999999999999935
2026-04-25 23:29:12,77588.56,0.0,0.0
2026-04-25 23:29:13,77588.56,0.0,0.0
2026-04-25 23:29:14,77588.56,0.00198,0.00014999999999999996
2026-04-25 23:29:15,77588.56,0.0,0.0
2026-04-25 23:29:16,77588.55,0.0,0.00156
2026-04-25 23:29:17,77588.56,0.05203,0.0
2026-04-25 23:29:18,77588.56,0.0,0.0
2026-04-25 23:29:19,77588.56,0.00016,0.0
2026-04-25 23:29:20,77588.56,0.00091,0.0
2026-04-25 23:29:21,77588.56,0.0,0.0
2026-04-25 23:29:22,77588.56,0.0031,0.00643
2026-04-25 23:29:23,77588.56,0.0,0.0
2026-04-25 23:29:24,77588.56,0.0,0.00013
2026-04-25 23:29:25,77588.81,0.01763,0.0
2026-04-25 23:29:26,77589.4,0.0,0.00033
2026-04-25 23:29:27,77589.41,0.00017,0.0
2026-04-25 23:29:28,77589.4,0.0,0.0001
2026-04-25 23:29:29,77589.4,0.0,0.00103
2026-04-25 23:29:30,77589.4,0.0,0.00498
2026-04-25 23:29:31,77589.4,0.0,0.0
2026-04-25 23:29:32,77589.4,0.01376,0.0016900000000000005
2026-04-25 23:29:33,77589.41,0.00128,0.0
2026-04-25 23:29:34,77589.41,8e-05,0.0
2026-04-25 23:29:35,77589.41,0.00012,0.0
2026-04-25 23:29:36,77589.41,0.0,0.0
2026-04-25 23:29:37,77589.41,0.0,0.0
2026-04-25 23:29:38,77589.41,0.00026,0.0
2026-04-25 23:29:39,77589.41,0.0,0.0
2026-04-25 23:29:40,77589.4,0.0,0.00031
2026-04-25 23:29:41,77589.4,0.0,0.00012
2026-04-25 23:29:42,77589.4,0.0,0.00025
2026-04-25 23:29:43,77594.17,0.04461,0.0
2026-04-25 23:29:44,77594.17,0.0,0.0
2026-04-25 23:29:45,77594.17,0.00106,0.00193
2026-04-25 23:29:46,77594.17,0.0,0.0
2026-04-25 23:29:47,77594.17,0.0,0.0
2026-04-25 23:29:48,77594.16,0.00014,0.00106
2026-04-25 23:29:49,77594.16,0.0,0.00012
2026-04-25 23:29:50,77594.17,0.00025,9.999999999999999e-05
2026-04-25 23:29:51,77594.17,0.00012,0.0
2026-04-25 23:29:52,77594.17,0.0,0.0
2026-04-25 23:29:53,77594.16,0.0,0.00025
2026-04-25 23:29:54,77594.16,0.00201,0.001
2026-04-25 23:29:55,77594.16,0.0162,0.0002500000000000002
2026-04-25 23:29:56,77594.16,0.0,0.00032
2026-04-25 23:29:57,77594.16,0.0,0.00012
2026-04-25 23:29:58,77594.16,0.0,0.00032
2026-04-25 23:29:59,77594.46,0.05918,0.059059999999999994
2026-04-25 23:30:00,77594.46,0.00045,0.0
2026-04-25 23:30:01,77594.46,0.01136,0.0
2026-04-25 23:30:02,77594.45,0.00112,0.007940000000000001
2026-04-25 23:30:03,77594.46,0.00065,0.00031000000000000005
2026-04-25 23:30:04,77594.45,0.00026,0.00076
2026-04-25 23:30:05,77594.46,0.03001,0.0
2026-04-25 23:30:06,77594.45,0.0,0.00012
2026-04-25 23:30:07,77594.46,0.07388,0.0
2026-04-25 23:30:08,77594.46,0.00021,0.0
2026-04-25 23:30:09,77594.46,0.0,0.0
2026-04-25 23:30:10,77594.46,0.0,0.0
2026-04-25 23:30:11,77594.46,0.00026,0.00521
2026-04-25 23:30:12,77594.45,0.0,0.00012
2026-04-25 23:30:13,77594.45,0.0,0.0
2026-04-25 23:30:14,77594.45,0.0,0.0
2026-04-25 23:30:15,77594.45,0.0,0.00012
2026-04-25 23:30:16,77594.45,0.0,0.00232
2026-04-25 23:30:17,77594.45,0.03622,0.0009899999999999978
2026-04-25 23:30:18,77594.46,0.00012,0.00173
2026-04-25 23:30:19,77594.46,0.00271,0.00459
2026-04-25 23:30:20,77594.46,0.00038,0.0018
2026-04-25 23:30:21,77594.46,0.0,0.0
2026-04-25 23:30:22,77594.45,0.0,7e-05
2026-04-25 23:30:23,77594.46,0.00341,0.0047799999999999995
2026-04-25 23:30:24,77594.46,0.00096,0.00015999999999999988
2026-04-25 23:30:25,77594.46,0.0,0.0
2026-04-25 23:30:26,77594.45,0.0,0.00028
2026-04-25 23:30:27,77594.45,0.0,0.0
2026-04-25 23:30:28,77594.45,0.0,0.0
2026-04-25 23:30:29,77594.45,0.00011,0.01777
2026-04-25 23:30:30,77594.45,0.0,0.0
2026-04-25 23:30:31,77594.46,0.01705,0.0
2026-04-25 23:30:32,77594.46,0.0002,0.0
